3459 5667
635 583 813 657 ...ιμ-

155 742 221 793 non
255 720 404 791 similiter
431 720 558 790 amabat
585 722 723 791 multum
755 721 979 808 dissimulans,
1008 720 1111 790 nimio
1136 721 1288 810 perinsus

156 835 313 927 precordii
341 834 471 924 gaudio,
496 836 754 906 amantissimum
781 837 884 907 lilium
908 857 1004 906 suum
1030 836 1188 907 minorem
1210 846 1290 907 natu

157 952 257 1022 seculi
278 953 410 1020 molitur
429 952 496 1020 lieri
515 953 681 1023 athletam.

200 1069 244 1137 At
266 1069 366 1152 Deus,
391 1067 446 1156 qui
470 1081 585 1137 cuncta
606 1068 639 1136 in
664 1069 780 1138 melius
803 1080 922 1157 versat,
944 1070 1035 1139 illum
1055 1090 1128 1140 cnm
1153 1070 1290 1159 pastori-

157 1182 218 1251 bus
240 1182 379 1271 quadam
401 1182 455 1251 die
479 1195 662 1271 pascentem
687 1204 815 1274 gregem
838 1186 922 1273 (mos
942 1186 1028 1255 euim
1053 1185 1198 1274 antiquis
1222 1194 1291 1254 erat
1333 1182 1362 1251 *5

156 1316 215 1384 per
242 1295 433 1383 semetipsos
459 1314 588 1384 pascere
611 1316 726 1387 pecora
749 1315 820 1380 sua,
851 1298 934 1367 sicut
957 1298 1118 1369 abranam
1147 1308 1180 1367 et
1208 1298 1292 1366 Loth

157 1420 189 1479 et
208 1409 304 1478 ceteri
324 1409 449 1479 Veteris
467 1410 665 1480 Testamenti
686 1413 801 1502 patres)
820 1412 955 1480 terribili
980 1412 1104 1481 corusci
1122 1412 1192 1481 caeli
1218 1432 1292 1501 per·

157 1523 273 1594 terruit
296 1522 432 1612 fragore.
453 1522 525 1607 Qua
549 1523 682 1593 luminis
705 1524 847 1595 novitate
870 1524 1051 1613 perculsus,
1072 1525 1217 1612 acclinis,
1237 1546 1291 1596 se·

159 1635 312 1723 mirisus,
338 1637 401 1707 cito
425 1636 540 1707 cecidit
568 1638 601 1707 in
627 1649 757 1707 terram.
783 1636 941 1722 Quocirca
959 1649 1104 1729 pastores
1122 1640 1194 1729 ejus
1211 1659 1291 1710 con·

156 1750 259 1835 cussi,
280 1750 348 1819 haec
371 1750 475 1838 primo
493 1762 622 1839 aspectu
646 1762 838 1836 metuentes,
860 1751 962 1843 [rot.
988 1759 1053 1836 aa]
1074 1753 1195 1823 sensim
1215 1772 1292 1824 uero
1319 1749 1362 1821 to

157 1864 284 1933 occulta
307 1864 473 1933 dinoscere
491 1864 651 1953 cupiendo
674 1866 800 1934 cautius
827 1866 1054 1952 accelerantes,
1075 1868 1215 1936 arcbaoa
1232 1884 1292 1935 au·

159 1989 224 2047 tem
244 1978 380 2067 buiusce
394 1978 529 2046 visionis
545 1978 674 2066 penitus
688 1978 888 2066 ignorantes,
907 1980 974 2047 bam
987 1980 1079 2068 quasi
1099 2001 1154 2068 per
1167 1980 1291 2048 extasin

155 2111 235 2179 sepe
259 2091 446 2160 meminisse
465 2091 556 2159 illum
578 2092 759 2161 referebant
779 2118 787 2160 :
813 2120 826 2153 u
850 2094 987 2161 Domine
1006 2094 1093 2161 Deus
1112 2113 1166 2161 rer
1185 2092 1292 2161 omni·
1414 2168 1416 2172 ,

159 2216 293 2295 potens,
325 2206 400 2295 quis
431 2205 519 2274 enim
552 2207 652 2294 possit
685 2216 748 2275 tum
779 2206 929 2277 resistere
957 2206 1138 2276 voluntati?
1169 2207 1204 2275 lu
1239 2218 1293 2274 lna

159 2339 300 2408 namque
321 2319 447 2389 ditione
475 2333 590 2390 cuncta
613 2331 689 2390 sunt
713 2321 830 2410 posita.
859 2322 964 2390 Tuum
992 2321 1063 2407 tibi,
1088 2339 1154 2390 non
1184 2340 1292 2390 meum
1320 2317 1364 2387 lsi

161 2434 289 2523 linquit)
315 2434 372 2503 sed
401 2446 507 2520 tuum,
537 2456 633 2525 quern
662 2436 778 2505 dedisti
809 2437 920 2517 micbi,
946 2435 1046 2503 lilium
1080 2433 1114 2501 in
1142 2451 1197 2502 ara
1229 2444 1293 2503 tuae

160 2547 267 2617 laudis
298 2548 410 2617 volens
442 2550 586 2619 olleram.
613 2551 653 2619 Et
686 2570 750 2618 non
785 2552 891 2618 solum
925 2550 1026 2618 istum
1057 2568 1152 2637 quem
1185 2547 1294 2636 queris

160 2660 334 2745 minorem,
368 2660 424 2729 sed
455 2673 488 2730 et
519 2662 601 2731 duos
624 2662 695 2751 eius
724 2662 842 2750 pariter
868 2683 943 2730 cum
968 2681 1008 2731 eo
1038 2679 1208 2750 germanos
1235 2658 1294 2728 tibi

160 2774 229 2845 Deo
261 2772 404 2845 reddam.
440 2773 524 2857 Quid
556 2774 642 2844 enim
678 2774 852 2842 retribuam
885 2774 1024 2841 Domino
1051 2792 1109 2863 pro
1140 2770 1293 2840 omnibus

159 2908 233 2978 quae
260 2887 411 2957 retribuit
438 2887 559 2957 michi?
586 2888 650 2957 Sed
679 2887 747 2957 scio
773 2886 854 2977 quid
884 2886 1012 2973 faciam,
1045 2886 1176 2955 calicem
1204 2886 1293 2955 salu·
1319 2885 1365 2955 ab

158 3001 238 3071 laris
256 3000 409 3089 accipiam
428 3010 461 3069 et
483 3021 602 3071 nomen
627 3000 757 3091 Domini
777 3000 951 3086 invocabo,
973 3009 1046 3068 rota
1065 3018 1136 3067 mea
1159 2998 1293 3068 reddam

159 3113 240 3183 Deo.
264 3141 279 3176 a
301 3114 383 3185 Rem
402 3114 436 3183 in
460 3112 660 3203 predicatore
682 3112 840 3202 gentium,
866 3123 1010 3202 tempore
1025 3131 1093 3201 quo
1116 3130 1294 3202 perseque-

159 3226 255 3296 batur
277 3226 455 3297 aecclesiam
478 3227 610 3313 Christi,
634 3226 669 3296 in
693 3225 744 3293 ria
769 3232 867 3309 [1¹⁰1.
890 3242 944 3296 aa
966 3232 1013 3308 m]
1032 3224 1073 3293 ad
1101 3225 1294 3294 Damascum

157 3340 224 3430 jam
247 3341 376 3426 iactam,
403 3361 484 3429 pene
511 3341 658 3411 renouari
680 3340 856 3411 cernimus.
877 3340 928 3409 llli
955 3340 1011 3429 qui
1037 3361 1112 3409 cnm
1138 3359 1178 3409 eo
1202 3347 1295 3407 erant

160 3474 272 3525 vocem
302 3455 433 3544 quidem
457 3456 644 3543 audiebant,
670 3456 728 3525 sed
756 3455 920 3525 neminem
948 3454 1117 3539 videbant3
1140 3453 1195 3523 isli
1217 3472 1294 3523 vero
1319 3452 1365 3523 25

160 3567 383 3638 obsecrantem
406 3568 513 3638 verbis
535 3579 568 3638 et
589 3568 839 3658 respondentem
860 3589 935 3638 cum
957 3568 1099 3639 lacrimis
1117 3566 1293 3662 speculan·

160 3691 226 3768 tur,
248 3681 305 3753 scd
322 3681 547 3773 objurgantem
566 3683 656 3754 nullo
674 3683 772 3755 modo
792 3682 1014 3754 intuebantur.
