3459 5667
623 580 816 656 -taa-

205 724 338 796 Cunctis
371 724 468 815 igitur
503 723 652 797 remediis
689 727 889 798 curationum
926 726 1086 819 languidis
1118 726 1276 799 medelam

150 850 227 910 tam
249 840 390 931 corporis
415 859 511 930 quam
533 842 648 912 animae
672 845 877 934 poscentibus
899 843 1062 930 adhibitis,
1089 862 1126 913 ac
1148 865 1276 914 rumore

149 976 217 1045 per
238 964 371 1025 cunctos
393 955 579 1025 Latinorum
603 957 683 1027 dues
705 958 774 1050 ejus
796 960 859 1029 late
882 979 1066 1049 consperso,
1093 957 1274 1030 Gradiouus

149 1070 243 1160 apud
271 1071 422 1158 eundem,
446 1073 615 1143 Coruubiae
642 1095 710 1164 reu,
735 1075 1020 1145 familiarissimum
1043 1075 1153 1144 habuit
1173 1075 1274 1145 collo-

149 1185 283 1275 quium.
309 1187 349 1255 Et
372 1188 454 1256 collo
481 1209 554 1258 cum
581 1198 650 1259 toto
677 1209 809 1281 corpore
832 1190 866 1258 in
897 1199 1014 1260 terram
1041 1188 1174 1276 deflexo,
1203 1189 1274 1280 ejus
1322 1179 1344 1249 ὅ

147 1298 337 1369 humdiime
366 1301 521 1372 orationis
552 1302 731 1391 imploravit
761 1303 928 1373 auxilium.
958 1305 1006 1372 Ac
1037 1302 1133 1373 debin
1166 1302 1274 1372 mitior

147 1414 273 1504 iactus,
294 1422 388 1499 [mot.
403 1434 483 1505 na
496 1423 546 1500 νο]
565 1417 743 1486 stabilitum
757 1417 917 1488 continuit
931 1437 1066 1510 regnum
1081 1426 1119 1487 et
1130 1416 1188 1488 Dei
1207 1437 1273 1487 ser·

147 1551 270 1601 vorum
286 1533 405 1604 meruit
421 1533 538 1604 babere
555 1533 764 1605 consortium.

632 1847 732 1914 Lectio
751 1848 794 1915 X.

194 2084 263 2157 Sed
280 2094 312 2156 et
330 2083 475 2174 quaedam
497 2091 643 2153 mamona
664 2084 823 2154 infirmata
845 2083 960 2174 suerat,
986 2084 1078 2176 cujus
1100 2085 1185 2156 filius
1209 2104 1269 2156 no·

145 2203 240 2272 mine
257 2203 376 2271 Riocus
394 2201 427 2270 in
445 2199 588 2291 ejusdem
608 2203 710 2270 sancti
735 2203 976 2271 couversatione
999 2202 1142 2293 degebat.
1170 2202 1268 2272 Cum·
1296 2208 1340 2279 10

145 2339 217 2408 que
238 2327 345 2385 tamen
367 2315 407 2384 ad
434 2315 712 2402 banc-sedimitti
738 2316 944 2402 visitandam,
969 2328 1081 2407 utputa
1105 2318 1265 2386 infirmam

142 2433 216 2524 jam
238 2431 333 2500 morti
359 2431 550 2520 proximam,
571 2449 589 2498 a
612 2442 700 2520 patre
725 2431 860 2520 spiritaii
886 2432 1097 2522 impetrasset,
1117 2433 1265 2521 eandem,

142 2548 215 2640 J'am
233 2546 382 2616 besterna
401 2546 452 2614 die
476 2545 671 2633 defunctam,
692 2564 775 2635 aqua
792 2565 889 2637 quam
907 2568 1016 2616 secum
1042 2567 1061 2615 a
1085 2548 1177 2616 beato
1197 2548 1265 2616 viro

145 2663 370 2754 deportaverat
388 2661 585 2731 benedictam
604 2662 742 2752 desuper
760 2681 942 2750 conspersa,
963 2662 1109 2732 invocato
1129 2663 1264 2732 Wiuua-

144 2779 235 2864 loeo,
256 2776 422 2846 suscitavit
443 2775 478 2845 in
502 2776 632 2846 nomine
653 2776 783 2872 Domini
804 2777 902 2846 ihesu
926 2775 1056 2863 Christi,
1076 2786 1173 2867 atque
1198 2778 1264 2847 Deo
1293 2783 1336 2854 15

144 2894 187 2964 de
208 2893 332 2983 reliquo
353 2892 428 2976 [ilia]
449 2892 596 2962 devotius
615 2891 796 2962 deservivit.

189 3013 285 3099 Item,
307 3023 371 3081 tres
390 3012 543 3102 Catmagli
564 3011 708 3099 iiiios,1iu
727 3012 838 3100 rapina
856 3021 888 3080 et
901 3010 1067 3080 latrocinio
1086 3020 1267 3100 promptos,

142 3144 163 3196 a
190 3127 333 3196 vindicta
363 3127 507 3196 liberavit
533 3127 688 3217 corporali
720 3136 752 3194 et
784 3138 910 3196 aeternae
937 3126 1083 3196 invitavit
1111 3127 1261 3196 mercedi.

142 3242 226 3312 Nam
247 3262 348 3310 unum
365 3261 476 3310 eorum
495 3241 535 3311 de
553 3242 667 3310 horreo
686 3241 789 3310 sancti
807 3240 947 3330 praedicti
970 3242 1069 3310 fracto
1088 3241 1148 3312 sub
1166 3262 1263 3312 onere

142 3377 355 3446 suppressum
378 3356 485 3426 delato
510 3345 643 3443 femore,
671 3357 807 3426 aiterum
836 3356 969 3426 immoto
996 3376 1127 3445 corpore
1149 3357 1262 3445 finum,
1288 3355 1333 3426 20

142 3471 274 3540 tertium
294 3471 404 3541 orbato
422 3491 530 3541 cesum
550 3472 683 3559 lumine,
704 3492 769 3540 uno
788 3471 922 3540 salvavit
941 3491 1100 3540 sermone.

187 3587 265 3654 Erat
283 3585 429 3676 quaedam
448 3585 562 3655 mulier
581 3606 653 3674 quae
675 3585 782 3654 subito
804 3585 944 3654 caecitate
964 3592 1059 3668 [For.
1075 3593 1168 3670 184]
1188 3606 1261 3676 per-

143 3701 234 3770 culsa
252 3710 312 3768 est.
338 3700 428 3784 Hanc
446 3711 552 3769 autem
577 3721 650 3770 cum
672 3721 707 3770 se
732 3700 930 3768 orationibus
954 3719 991 3768 ac
1008 3699 1140 3790 jejuniis
1166 3712 1261 3791 atque

142 3815 329 3886 elemosinis
351 3816 492 3886 dedisset
518 3816 630 3906 largis,
661 3817 794 3906 augebas
815 3815 944 3884 Domini
967 3816 1124 3885 allocutus
1151 3829 1200 3886 est
1223 3827 1260 3886 ut

142 3941 290 4000 sanctum
317 3929 492 4020 inquireret
517 3931 743 4000 Wiuualoenm
769 3941 801 4000 et
828 3931 932 3999 visum
959 3931 998 3998 ab
1025 3950 1063 3999 eo
1091 3932 1255 4020 reciperet.
1283 3937 1327 4007 25

141 4043 234 4116 Illam
252 4044 389 4136 denique
407 4046 678 4138 obtemperantem
696 4045 743 4115 sic
759 4065 811 4114 res
828 4043 946 4134 pariter
964 4046 1134 4116 subsecuta
1151 4057 1210 4138 est.
1257 4107 1260 4117 .
