3459 5667
1251 567 1647 636 -101—

312 707 469 789 mei,
520 723 741 794 pacem
794 705 902 773 hic
961 725 1247 795 quaerere
1302 727 1448 775 cum
1502 706 1772 793 mundo,
1820 716 1895 774 ut
1939 703 2465 775 maximamillic
2511 713 2578 772 et

312 820 598 910 quietam
637 819 1167 908 tranquillitatem
1213 830 1277 888 et
1314 819 1756 909 quietudinem
1797 820 2302 909 tranquillimam
2340 819 2577 887 babere

309 933 687 1002 mereamini
726 933 790 1001 in
831 933 1014 1018 caelo,
1057 934 1167 1001 ubi
1205 953 1462 1002 summa
1499 954 1621 1022 pax
1656 943 1756 1002 est
1801 943 1866 1001 et
1910 951 2163 1000 summa
2199 931 2576 1022 tranquilli-

306 1058 412 1116 tas
438 1057 501 1114 et
530 1047 970 1137 tranquillima
997 1049 1359 1117 summitas.
1388 1050 1533 1117 Non
1565 1059 1782 1118 tamen
1808 1067 2023 1116 veram
2055 1055 2244 1130 [Pol.
2275 1065 2438 1117 112
2467 1053 2568 1130 νο]

306 1179 533 1250 pacem
570 1180 853 1249 quaerere
898 1161 1305 1249 prohiberem
1355 1161 1435 1229 de
1481 1161 1891 1251 qua-dicitur
1933 1189 1950 1228 ε
1999 1187 2029 1221 (ι
2072 1161 2252 1228 Beati
2292 1161 2568 1249 pacifici,
2669 1162 2713 1226 ri

307 1274 617 1362 quoniam
658 1273 771 1340 filii
808 1273 923 1341 Dei
963 1273 1386 1359 vocabuntur,
1434 1303 1463 1336 »
1506 1274 1617 1342 sed
1655 1274 1832 1343 illam
1872 1273 2065 1363 quam
2106 1273 2400 1343 Salvator
2434 1295 2568 1343 non

304 1390 567 1456 mittere
604 1388 858 1456 venisse
897 1407 967 1455 se
1014 1388 1193 1473 dicit,
1236 1389 1349 1458 sed
1392 1388 1700 1478 gladium.
1742 1388 1973 1456 Melius
2022 1397 2120 1455 est
2163 1387 2337 1455 enim
2377 1389 2568 1459 verba

303 1501 530 1570 audire
566 1500 969 1589 corripientis
1005 1520 1221 1570 amara
1256 1514 1320 1570 et
1356 1513 1572 1571 tamen
1608 1503 1908 1588 amantis,
1941 1520 2135 1592 quam
2171 1502 2570 1572 blandientis

302 1619 519 1688 dulcia
556 1630 748 1708 atque
782 1630 997 1688 tamen
1038 1620 1339 1689 odientis,
1374 1622 1604 1690 Pacem
1642 1640 1837 1710 quam
1876 1620 2168 1690 Salvator
2193 1622 2567 1710 regrediens

299 1732 384 1802 ad
423 1734 678 1800 Patrem
716 1733 1122 1801 commendat
1160 1733 1510 1822 discipulos
1558 1736 1816 1822 habere,
1867 1735 2200 1804 sectamini
2249 1735 2555 1806 invicem.
2621 1738 2705 1806 11}

296 1849 531 1916 Pacem
564 1866 817 1936 semper
846 1866 977 1914 non
1016 1847 1229 1915 fictam
1268 1857 1502 1917 amate.
1538 1849 1819 1937 Spiritus
1856 1851 2094 1919 etenim
2135 1851 2351 1918 fictum
2391 1850 2560 1918 effu-

295 1964 456 2052 giet,
498 1972 561 2029 et
599 1961 665 2028 in
706 1962 970 2030 bomine
1006 1983 1309 2051 perverso
1338 1983 1744 2052 nequaquam
1773 1965 2133 2033 inhabitare
2161 1965 2552 2054 dignabitur.

293 2076 432 2143 Pax
476 2095 623 2142 cum
678 2074 869 2144 bonis
915 2085 979 2142 et
1026 2074 1266 2144 bellum
1317 2097 1464 2144 cum
1511 2076 1685 2145 vitiis
1732 2097 1984 2166 semper
2022 2078 2389 2146 habendum
2425 2081 2564 2148 est..

293 2191 455 2277 Pax,
497 2210 641 2279 quae
675 2190 1114 2278 apostolorum
1151 2190 1343 2258 corda
1388 2190 1775 2259 coadunavit
1821 2199 1886 2261 et
1932 2191 2242 2260 stabilivit
2287 2192 2354 2259 in
2401 2191 2550 2281 fide,

293 2304 439 2393 ipsa
476 2305 668 2375 etiam
708 2314 771 2376 et
806 2315 1019 2374 vestra
1056 2303 1445 2375 consolidet!
1494 2334 1525 2368 1>
2613 2310 2697 2375 15

1078 2634 1424 2709 CAPUT
1495 2587 1766 2708 xxix

284 2875 384 2940 Dc
420 2874 553 2957 ejtts
598 2873 856 2956 animoe,
894 2882 1032 2955 post
1075 2892 1324 2938 sacram
1368 2875 1641 2956 corporis
1687 2872 1925 2942 Christi
1970 2876 2464 2938 communionem
2504 2892 2547 2938 a

378 2991 609 3053 sanctis
652 2986 854 3071 [Ful.
898 2982 1097 3074 118]
1135 2989 1374 3069 amyclis
1408 2989 1479 3052 in
1505 2991 1724 3053 coelum
1762 2989 2112 3072 translatoe,
2145 2989 2270 3053 leni
2294 3006 2546 3072 suscep-

378 3104 564 3168 tione.

374 3338 495 3407 HIs
550 3336 828 3426 denique
880 3338 1093 3424 dictis,
1154 3338 1354 3406 sacris
1405 3338 1697 3407 induitur
1750 3339 2038 3408 vestibus
2096 3359 2245 3408 cum
2306 3338 2542 3428 quibus

277 3453 551 3522 missam
590 3452 980 3521 caelebraret.
1026 3453 1447 3522 Sacrosancta
1491 3452 1723 3521 deinde
1763 3453 1960 3521 missa
2008 3453 2280 3547 expleta,
2323 3473 2537 3522 sacro-

276 3569 499 3639 sancti
526 3568 846 3636 Dominici
890 3578 952 3636 et
990 3569 1243 3657 mystici
1282 3568 1569 3657 corporis
1604 3579 1669 3636 et
1707 3569 2042 3658 sanguinis
2079 3569 2393 3657 assumpti
2433 3590 2536 3638 re-

273 3683 557 3752 fectione
595 3691 953 3770 vegetatuS,
997 3693 1179 3750 stans
1215 3692 1364 3750 ante
1409 3682 1607 3750 altare
1651 3683 2114 3751 honorabiliter
2159 3684 2327 3750 inter
2373 3683 2536 3751 duos

272 3796 657 3883 monachos,
715 3806 1120 3865 sustentatus
1180 3797 1334 3864 hinc
1370 3806 1561 3885 atque
1604 3797 1779 3884 hinc,
1841 3816 1974 3865 una
2024 3818 2172 3864 cum
2229 3797 2535 3866 fratribus
2589 3796 2677 3862 ΞΟ

270 3891 560 3999 psallens
597 3931 745 3978 cum
794 3910 1101 3999 angelicis
1146 3910 1358 3978 choris
1411 3911 1797 3996 astantibus,
1850 3910 2150 3978 comitem
2199 3911 2534 3979 sanctissi-

272 4043 451 4093 mam
488 4025 621 4092 neo
660 4033 725 4092 et
751 4025 1029 4092 Domino
1064 4025 1265 4092 Jhesu
1304 4008 1560 4093 chrisio
1599 4023 1878 4091 reddidit
1916 4024 2224 4110 animam,
2265 4045 2460 4114 quam
2497 4042 2537 4092 a

273 4137 633 4226 pollutione
669 4139 907 4206 carnali
948 4140 1283 4225 mundam,
1320 4148 1448 4207 tam
1489 4157 1525 4207 a
1563 4138 1874 4227 corporali
1912 4138 2292 4228 aegritudine
2332 4140 2537 4207 intac-

271 4267 434 4325 tam.
479 4258 754 4326 Sanctus
791 4259 1005 4347 itaque
1042 4259 1508 4346 Uuinualoeus,
1543 4278 1740 4326 senex
1777 4257 2185 4343 venerabilis,
2227 4257 2531 4325 dominus

272 4384 343 4443 et
380 4373 655 4444 eximius
693 4376 1153 4444 monachorum
1192 4385 1396 4464 pater,
1435 4374 1669 4464 plenus
1704 4373 1981 4462 dierum,
2023 4373 2138 4459 ita,
2178 4381 2251 4440 ut
2286 4370 2530 4440 dictum
2585 4370 2673 4439 25
