3459 5667
613 558 851 699 -eass-‚

134 774 279 826 sororem
307 755 496 844 parentibus
523 759 641 827 vestris
666 759 779 828 reddet
804 767 963 827 sanaem.
993 757 1060 828 Nec
1085 758 1143 827 tibi
1170 776 1269 849 parva

134 870 266 959 quidem
281 869 441 939 adhaereat
459 870 493 939 in
509 872 692 941 excusando
706 872 871 961 cogitatio,
889 871 1025 941 dicendo
1042 899 1050 941 z
1070 899 1085 934 α
1102 872 1268 962 AEgiptnm

134 983 266 1072 reliqui,
295 1004 356 1052 nec
384 985 458 1053 volo
486 985 611 1074 regredi
639 986 679 1054 ad
704 986 793 1053 illam
825 1013 840 1047 r
868 994 900 1053 et
924 985 1134 1074 Evangelium
1161 1006 1271 1055 recor-

134 1096 243 1165 dando
264 1124 273 1165 ι
297 1124 312 1157 c
335 1096 413 1165 Sine
435 1109 580 1166 mortuos
601 1099 703 1185 [Μ.
722 1096 792 1187 ου]
813 1099 949 1188 sepelire
972 1109 1118 1167 mortuos
1137 1119 1227 1169 suos.
1252 1127 1265 1161 l

135 1211 171 1279 Si
191 1210 278 1281 enim
290 1211 359 1279 haec
372 1210 513 1279 bumana
527 1210 741 1281 suaderentur
753 1211 893 1301 loquela,
910 1212 1077 1282 verissime
1089 1233 1271 1302 congruen-
1317 1212 1340 1281 5

135 1324 263 1393 tissima
293 1323 406 1393 eadem
438 1342 457 1392 a
485 1332 516 1393 te
546 1325 738 1414 proterenda
765 1335 874 1394 essent
905 1325 1107 1413 testimonia,
1139 1326 1166 1393 si
1195 1347 1271 1395 vero

136 1438 259 1524 divina,
275 1446 332 1507 aut
349 1439 460 1525 etiam,
476 1440 561 1508 sicut
575 1447 611 1508 tn
626 1438 731 1527 audis,
748 1440 906 1527 angelica,
922 1440 1086 1529 quomodo
1100 1459 1138 1509 ea
1152 1460 1272 1529 paren·

135 1554 225 1623 tibus
237 1555 302 1624 tuis
317 1564 442 1623 tantum
455 1554 611 1644 impertiri
627 1555 813 1645 denegabis,
825 1576 897 1645 qnae
909 1558 1036 1624 cunctis
1048 1556 1082 1624 in
1096 1575 1272 1625 commune

111 1746 114 1753 ,
135 1669 293 1758 eliganter
310 1669 523 1758 prestaveris?
545 1697 559 1731 »
583 1670 722 1739 Sanctus
742 1669 782 1738 ad
805 1671 875 1738 boec
893 1669 1135 1759 Gningnaloeus
1154 1671 1273 1742 immo-

136 1784 212 1853 bilis
231 1793 352 1853 stans:
378 1811 391 1846 c
414 1784 586 1871 Omnibus,
608 1784 726 1874 inquit,
747 1783 876 1853 nebulis
894 1785 1013 1874 quibus
1038 1786 1272 1874 prohibebere
1298 1782 1342 1853 10

136 1906 169 1966 te
188 1898 300 1987 procul
320 1898 469 1985 evolutio,
490 1918 563 1967 ecce
582 1918 694 1967 servus
713 1918 779 1965 non
799 1897 907 1966 solum
927 1898 1057 1966 bomini
1076 1900 1134 1984 sed
1152 1910 1185 1967 et
1204 1920 1271 1968 ser·

135 2032 252 2080 vorum
272 2012 342 2101 ejus
359 2040 366 2080 :
385 2011 425 2080 ad
443 2012 553 2079 omnia
571 2011 690 2099 quibus
705 2011 818 2100 jubear
833 2011 925 2100 jussa
939 2012 1070 2080 bomini
1086 2012 1221 2102 impiger
1239 2022 1274 2083 et

136 2126 341 2195 voluntarius
365 2146 454 2194 exeo.
479 2154 494 2187 »
516 2126 663 2214 Angelus
686 2136 794 2195 autem
821 2154 829 2193 ι
859 2153 874 2187 α
900 2126 975 2193 Haec
994 2105 1131 2213 summa,
1153 2126 1271 2215 inquit,

17 2284 24 2295 ·
137 2229 331 2310 oboedientia
359 2250 420 2327 est,
445 2249 481 2309 ut
508 2261 574 2309 non
603 2242 694 2310 tarde
718 2261 755 2311 ao
778 2241 885 2331 tepide
912 2241 999 2330 qnod
1022 2242 1151 2331 jussum
1177 2242 1274 2311 luerit

139 2366 264 2445 agatur,
281 2354 357 2443 quia
376 2354 566 2423 obedientia
585 2365 693 2425 mente
711 2357 778 2424 lleo
797 2355 912 2424 devota
930 2356 1034 2445 major
1052 2367 1101 2424 est
1120 2356 1273 2424 omnibns
1298 2357 1344 2427 lb

139 2469 305 2539 sacrificiis
328 2478 361 2537 et
387 2468 730 2539 holocaustomatibus.
759 2499 774 2531 a
800 2471 860 2539 His
883 2468 978 2538 dictis
1001 2469 1111 2538 statim
1139 2468 1274 2557 angelus

140 2582 272 2652 Domini
293 2582 326 2649 in
345 2600 441 2650 auras
462 2582 563 2673 [not.
580 2600 636 2654 au
651 2582 703 2673 νο]
724 2583 842 2653 evadit.

185 2696 326 2765 Sanctus
346 2705 452 2764 antem
473 2695 716 2786 Gningnaloeus
735 2698 928 2785 precingens
945 2717 993 2784 se,
1009 2717 1071 2765 nec
1088 2714 1192 2781 mora,
1212 2696 1274 2764 iter

140 2808 228 2895 facit,
245 2819 362 2878 etcum
377 2810 576 2897 pervenisset
590 2810 630 2878 ad
645 2822 793 2898 parentes
813 2831 904 2898 snoS,
925 2810 1040 2879 videns
1058 2810 1132 2878 illos
1146 2828 1273 2877 merore

140 2924 305 2993 conlectos
324 2933 456 3012 propter
474 2923 573 2991 tiliam
593 2942 686 2992 suam
704 2933 884 2992 extremum
901 2924 968 3012 jam
987 2923 1166 2993 anhelitum
1189 2942 1273 3012 pene
1297 2929 1343 2996 20
1417 2943 1430 2963 ‘⁹

140 3038 343 3126 tundentem,
365 3058 495 3108 causam
509 3038 608 3128 hujus
626 3039 748 3109 doloris
764 3050 796 3108 et
815 3038 955 3128 gemitus
969 3047 1002 3107 et
1020 3038 1165 3107 ordinem
1180 3036 1274 3127 quasi

141 3154 264 3223 inscius
284 3154 430 3244 inquirit.
452 3155 502 3223 llli
521 3165 628 3225 autem
648 3156 785 3245 paenitus
803 3155 953 3245 ignorare
973 3175 1009 3224 se
1027 3154 1186 3240 dicentes,
1206 3154 1275 3222 baec

142 3269 251 3356 sepius
269 3266 506 3357 respondebant
527 3298 535 3336 ι
560 3297 574 3329 c
593 3268 664 3338 Scis
683 3268 890 3360 ipse,'sancte
909 3268 981 3355 Dei,
1000 3286 1077 3337 nam
1096 3278 1128 3337 te
1146 3268 1274 3336 nullum

142 3384 209 3450 Deo
227 3382 306 3450 certi
325 3404 439 3453 snmus
458 3385 620 3454 revelante
638 3385 737 3453 latere
751 3396 923 3453 secretum.
941 3385 1006 3454 Sed
1024 3385 1051 3452 si
1071 3384 1148 3473 quid
1168 3394 1272 3473 potes,

142 3504 174 3564 et
189 3494 217 3563 si
229 3505 262 3563 te
274 3495 340 3564 ulla
352 3496 393 3564 ad
407 3497 658 3567 misericordiam
673 3497 793 3588 proprii
809 3497 976 3586 sanguinis
990 3497 1123 3566 advocat
1136 3516 1274 3586 usquam
1298 3498 1344 3569 25

142 3611 257 3700 gratia,
274 3612 389 3701 adjuva
407 3635 467 3684 nos
485 3615 563 3684 dum
582 3616 687 3685 adhuc
706 3614 863 3701 vivimus3
884 3614 1027 3704 alioquin
1047 3635 1107 3683 nos
1125 3626 1276 3704 parentes

141 3738 217 3795 tuos
235 3748 310 3796 cum
330 3730 390 3798 ista
409 3730 528 3820 paliter
547 3750 699 3820 germana
716 3742 773 3799 tna
795 3731 834 3817 (si
853 3740 961 3799 tamen
981 3732 1030 3799 fas
1048 3741 1097 3799 est
1120 3731 1225 3799 dicere
1243 3740 1277 3798 te

141 3843 288 3912 carnales
307 3844 424 3913 habere
443 3846 654 3934 propinquos,
675 3846 731 3935 qni
750 3846 945 3933 caelestibus,
966 3846 1186 3933 dilectissime,
1208 3846 1275 3934 jam

141 3956 302 4043 copularis
320 3956 446 4045 turmis)
463 3957 577 4026 saltem
593 3970 737 4027 mortuos
753 3958 889 4047 sepelies
903 3969 1080 4047 superstes.
1100 3986 1115 4021 a
1132 3958 1277 4026 Tandem

141 4069 242 4158 igitur
259 4069 445 4159 recolligere
464 4070 566 4162 [not.
581 4072 654 4163 ao]
673 4092 824 4141 anserum
843 4092 972 4162 gregem
991 4073 1137 4162 precipit,
1154 4082 1186 4141 et
1204 4090 1276 4141 eam
1300 4068 1346 4137 30

123 4202 240 4273 ⁴quam
260 4184 374 4253 ceteris
392 4185 639 4254 eminentiorem
663 4188 765 4256 cernit
788 4196 899 4254 tenere
923 4206 960 4255 ac
983 4185 1160 4254 eviscerare
1185 4184 1274 4271 lecit,

142 4308 176 4367 et
195 4298 325 4367 oculum
344 4299 465 4369 sororis
483 4300 565 4389 ejus,
586 4301 764 4370 secundum
788 4299 923 4388 predicti
946 4300 1052 4389 angeli
1071 4299 1129 4367 Dei
1150 4316 1276 4367 sermo·
1340 4368 1348 4376 ,

141 4430 232 4503 nem,
253 4412 294 4481 de
313 4411 490 4483 ventriculo
503 4412 578 4504 ,ejus
597 4413 700 4485 diviso
719 4412 835 4484 detulit
856 4422 955 4505 atque
977 4413 1012 4482 in
1037 4414 1145 4484 locum
1164 4431 1274 4500 soum,

1150 4533 1167 4583 a
