3459 5667
930 543 1104 613 ..38-

452 685 554 774 capite
571 685 676 753 erecto
694 702 841 753 reversus
859 692 921 771 est,
940 684 1048 753 nullas
1072 682 1136 752 nisi
1155 682 1248 772 lupos
1273 702 1331 771 pro
1353 680 1420 753 illis
1441 680 1526 751 circa
1544 702 1579 753 se

451 799 647 888 glomeratos
668 798 760 867 vidit.
782 797 899 886 Magno
924 798 1033 888 itaque
1055 807 1194 867 tremore
1216 817 1406 884 concussus,
1432 797 1478 867 ait
1495 796 1579 867 intra

438 914 486 980 ‘se
507 938 515 979 ε
540 938 555 971 o
578 911 694 980 Sancte
716 910 774 978 Dei
797 910 1011 997 Uuinualocc,
1040 934 1095 997 ne,
1120 913 1266 999 obsecro,
1296 911 1439 979 furorem
1464 913 1578 983 borum

451 1036 563 1095 contra
590 1046 643 1093 me
668 1024 812 1094 dimittas
839 1027 1014 1113 prevalere.
1041 1028 1116 1097 Scio
1139 1028 1227 1096 enim
1253 1048 1305 1096 me
1329 1028 1370 1095 ab
1392 1027 1444 1095 bis
1467 1047 1524 1116 per
1549 1036 1579 1096 tc

404 1145 427 1213 5
452 1160 547 1229 posse
566 1138 657 1227 eripi.
682 1165 697 1199 o
719 1138 783 1207 Sed
802 1159 862 1207 nec
886 1139 1024 1208 multum
1042 1141 1091 1209 rir
1109 1140 1168 1209 Dei
1190 1140 1374 1229 inprecatus
1395 1160 1489 1230 opem
1513 1161 1578 1209 non

452 1254 578 1324 distulit
596 1254 678 1323 ferre
696 1254 858 1342 poscenti3
878 1272 955 1322 nam
974 1256 1058 1323 inter
1072 1275 1108 1325 sc
1126 1265 1160 1324 et
1179 1254 1252 1323 illos
1266 1255 1381 1324 baculo
1394 1255 1578 1325 reicientcm

451 1368 557 1435 uisum
578 1372 649 1449 [est]
670 1366 803 1453 misero,
824 1378 861 1435 ut
879 1376 989 1455 postea
1007 1368 1176 1454 referebat,
1195 1388 1299 1456 usque
1318 1386 1413 1436 mane
1431 1379 1578 1437 sanctum

451 1493 537 1552 stare
555 1482 805 1551 Uuinualoeum.
826 1482 921 1551 Mane
940 1493 1048 1563 autem
1068 1485 1151 1552 facto
1170 1493 1201 1551 et
1220 1484 1288 1552 sole
1306 1493 1430 1569 exorto,
1450 1494 1577 1553 sancto·

452 1616 515 1686 que
533 1596 622 1681 huic,
644 1596 752 1684 fugato
771 1605 905 1683 terrore,
923 1596 1076 1685 jamnon
1096 1605 1280 1686 apparente,
1297 1596 1426 1665 tandem
1445 1596 1578 1685 intrepi-

383 1712 426 1780 to
451 1709 512 1778 dus
524 1708 675 1798 fugitivas
689 1709 809 1798 absque
821 1710 888 1778 ullo
902 1709 1089 1779 discrimine
1103 1710 1143 1778 ad
1155 1719 1275 1778 statuta
1288 1710 1394 1798 priora
1408 1721 1579 1801 congregat

451 1830 485 1890 et
502 1821 626 1890 reducit
639 1822 806 1891 universas
819 1822 978 1891 bidentes.
994 1824 1043 1891 Ac
1057 1822 1179 1909 statim,
1195 1842 1309 1910 pecore
1323 1822 1489 1911 derelicto,
1505 1843 1578 1913 gra·

451 1935 539 2003 ditur
560 1942 656 2019 [lior.
671 1942 739 2019 aa]
761 1944 910 2003 sanctum
936 1935 1024 2004 adire
1046 1935 1275 2021 Uuiualoeum‚
1301 1935 1411 2004 omnia
1433 1948 1579 2006 narratu·

453 2072 509 2120 rus
527 2073 599 2140 quae
617 2072 673 2141 per
691 2072 766 2121 eum
786 2052 890 2120 eidem
910 2052 943 2119 in
964 2050 1026 2120 ista
1043 2060 1139 2120 nocte
1156 2051 1239 2119 facta
1258 2062 1353 2137 sunt;
1372 2069 1409 2120 ac
1427 2049 1579 2136 multum,

453 2165 710 2234 transcendendo
733 2186 790 2253 per
812 2184 955 2253 campos,
976 2185 1033 2253 per
1056 2166 1180 2233 uiarum
1205 2165 1357 2253 compita,
1378 2184 1499 2254 perque
1523 2164 1580 2231 sil-

384 2280 427 2349 ts
453 2296 566 2347 varum
585 2296 683 2366 opaca
701 2298 739 2346 eo
761 2287 951 2347 transeunte
970 2278 1110 2346 multum
1132 2278 1311 2365 reboantia,
1331 2278 1408 2348 talia
1430 2278 1464 2346 in
1486 2296 1581 2347 aures

454 2392 524 2481 ejus
542 2391 611 2461 solo
629 2400 809 2479 prostratus
828 2390 972 2459 clamitat
990 2390 1076 2459 dictu
1098 2420 1106 2459 ι

799 2700 968 2765 Euametri
985 2715 1091 2764 versos
1109 2699 1233 2765 heroici.

498 2957 615 3025 Sancte
633 2952 704 3041 Dei,
725 2961 835 3022 eustos
853 2952 992 3042 pecoris,
1012 2951 1151 3041 pastoris
1169 2962 1201 3021 et
1219 2970 1324 3039 arma,

498 3068 562 3151 Qui
580 3077 710 3135 vastans
728 3066 831 3156 lyrcos
849 3067 982 3155 depellis
997 3066 1069 3155 jure
1087 3066 1259 3155 malignos,

499 3183 562 3265 Qui
581 3182 699 3251 Christi
720 3182 840 3251 electus
859 3182 988 3251 rimaris
1006 3182 1091 3250 dicta
1110 3182 1254 3271 benigni,

500 3296 581 3365 Cum
601 3296 729 3365 Christo
747 3315 882 3384 presens
899 3295 955 3386 qui
974 3296 1095 3384 largam
1114 3295 1205 3363 dedis
1222 3296 1343 3384 egenti,

498 3412 552 3481 Nil
571 3420 763 3497 remoratus,
784 3431 879 3500 opem
898 3410 1029 3496 misero,
1048 3410 1106 3479 sed
1125 3411 1254 3480 condita
1273 3429 1406 3480 servans

500 3529 632 3614 Tecum,
655 3526 712 3595 scd
732 3527 880 3595 Christus
898 3536 935 3594 ut
953 3526 1035 3595 velle
1054 3534 1147 3595 tuum
1167 3527 1229 3595 boc
1245 3538 1397 3615 operetur
1417 3553 1427 3595 ι

499 3642 570 3729 llic,
590 3660 682 3730 rogo,
701 3640 774 3729 quis
793 3639 851 3706 tibi
871 3638 986 3708 similis
1003 3660 1093 3708 nunc
1112 3632 1343 3732 sorte'potenti

376 3746 379 3751 ’
500 3761 590 3829 Ultra
607 3760 777 3828 hominum
796 3778 904 3828 mores
923 3759 1043 3827 caelesti
1062 3759 1096 3827 in
1115 3778 1247 3847 corpore
1265 3769 1415 3850 versans?

501 3878 528 3947 0
547 3878 644 3947 decus
663 3876 826 3968 egregium
844 3876 955 3966 patriae
973 3878 1148 3966 lumenque
1165 3896 1319 3966 perenne,

500 3994 606 4080 Atque
625 3995 689 4061 mei
707 3991 895 4081 pecorisque
915 3992 1011 4062 simul
1030 3992 1070 4060 dc
1089 3992 1185 4060 dente
1204 3991 1353 4080 luporum

501 4106 650 4175 Servator
670 4106 801 4194 proprii,
822 4115 947 4174 sacrato
965 4105 1000 4172 in
1018 4105 1131 4175 limine
1149 4104 1281 4192 sistens,

500 4219 644 4307 Debitor,
664 4220 760 4307 alme,
782 4218 840 4287 tibi
859 4240 917 4307 pro
937 4227 1028 4287 tanto
1047 4238 1182 4288 munere
1200 4218 1300 4288 reddo

503 4343 601 4421 [not.
616 4353 672 4407 u
686 4343 735 4421 νο]
755 4336 877 4427 Dignas
894 4346 927 4408 et
945 4337 1043 4427 digno
1062 4336 1189 4407 Christo
1206 4335 1377 4407 conamine
1395 4342 1513 4426 grates.
