3459 5667
916 607 959 622 ..
984 569 1027 636 72
1049 603 1094 624 ..-

439 716 552 779 nostro
569 709 670 780 Jbesn
684 707 825 799 Christo,
841 709 897 799 qui
911 709 991 778 vivit
1009 718 1042 778 et
1060 717 1174 798 regnat
1192 707 1351 777 insecuta
1369 704 1565 776 seculorum.

440 826 558 895 Amen.

874 1046 1048 1121 CAPUT
1082 1046 1139 1120 IX

484 1291 576 1376 itam,
596 1293 633 1358 dc
650 1293 941 1358 commemoratione
958 1291 1111 1372 quomodo
1129 1307 1150 1354 o
1168 1291 1325 1355 tricessimo
1344 1289 1446 1355 intotis
1464 1303 1528 1353 aaa

805 1414 833 1471 et
851 1409 955 1489 primo
974 1406 1089 1470 vicerit
1107 1422 1205 1470 ammo.

440 1649 444 1654 ’
485 1642 628 1712 Dicturis
651 1642 749 1732 igitur
775 1642 814 1709 dc
838 1640 984 1730 ejusdem
1008 1640 1040 1707 in
1067 1640 1178 1708 eodem
1205 1648 1315 1708 sancto
1339 1638 1410 1708 loco
1433 1636 1573 1706 mirabili

441 1755 698 1840 conversatione,
715 1753 809 1821 libuit
827 1751 921 1820 nobis
940 1752 1076 1840 qualiter
1094 1751 1126 1818 in
1142 1760 1234 1820 aetate
1253 1751 1350 1839 priori
1369 1750 1482 1818 vixerit
1501 1770 1574 1818 esse

393 1855 416 1923 5
442 1867 652 1957 repetendum
675 1875 837 1934 ettamen
868 1865 956 1933 buno
978 1885 1083 1953 usque
1107 1865 1147 1932 ad
1179 1864 1287 1932 iocum
1316 1885 1388 1932 esse
1419 1864 1574 1932 differen-

442 1982 532 2068 dum,
553 1990 599 2067 nt,
620 1981 647 2048 si
671 1981 846 2068 possimus,
867 1988 975 2046 utrum
995 1979 1068 2047 vitae
1092 1977 1161 2066 ejus
1184 1978 1276 2045 initia
1295 1978 1512 2066 respondeant
1532 1977 1574 2045 ad

443 2106 585 2162 extrema
603 2094 739 2181 pleniter
758 2092 944 2160 doceamus.

487 2210 517 2276 Α
543 2207 713 2275 vicessima
742 2206 849 2292 itaque
878 2214 910 2272 et
938 2205 1042 2294 primo
1068 2205 1171 2272 aetatis
1200 2224 1267 2272 suaa
1293 2224 1378 2273 anno
1404 2225 1505 2293 usque
1533 2203 1575 2272 ad

444 2324 568 2391 obitum
591 2341 684 2389 snum
712 2339 879 2408 nunquam
904 2321 937 2387 in
966 2320 1108 2388 aecclesia
1132 2320 1221 2388 visus
1248 2329 1299 2388 cst
1323 2319 1451 2405 sedere;
1476 2341 1575 2388 num-

374 2431 418 2502 to
445 2459 541 2529 quam
573 2436 704 2505 tristitia
724 2436 877 2525 dejectus
909 2457 969 2504 nec
1002 2437 1116 2504 laeticia
1145 2443 1203 2519 [lm
1232 2448 1304 2505 fot.
1331 2442 1401 2518 un]
1433 2437 1573 2523 solutus,

445 2571 623 2641 numquam
648 2552 746 2620 alium
770 2552 921 2639 irridens,
946 2571 1124 2640 numquam
1148 2550 1378 2619 moderationis
1399 2553 1574 2620 terminum

445 2667 603 2735 excedens
625 2666 755 2753 agnitus
776 2676 838 2752 est,
860 2665 916 2732 sed
936 2685 1040 2754 neque
1059 2665 1159 2733 iratus
1179 2674 1236 2732 aut
1254 2666 1472 2733 turbulentus.
1493 2666 1575 2732 Nam

446 2801 520 2849 cnm
539 2780 579 2848 ab
605 2780 740 2847 infantia
763 2799 821 2848 sna
850 2788 962 2848 sancto
988 2780 1118 2848 Budoco
1142 2780 1386 2848 devotissimum
1413 2781 1577 2849 exhiberet

446 2893 653 2981 obsequium,
674 2892 768 2980 cnjus
785 2903 850 2959 tam
871 2891 967 2960 verbo
987 2911 1084 2980 quam
1104 2892 1250 2980 exemplo
1274 2892 1454 2961 instructus
1475 2892 1577 2960 iaetus

377 3000 421 3069 15
447 3015 498 3075 est
513 3005 642 3095 juvenis
667 3005 942 3094 religiosissimus,
973 3025 1103 3072 omnem
1131 3005 1164 3072 in
1193 3004 1291 3090 clero,
1318 3025 1392 3073 cum
1415 3005 1520 3074 adbuc
1542 3006 1576 3073 in

447 3120 505 3189 tali
525 3120 652 3208 positus
666 3131 735 3188 erat
754 3130 859 3207 aetate,
877 3120 1123 3188 transcendebat
1137 3120 1249 3208 gratia.
1266 3119 1370 3187 Nichil
1387 3120 1473 3186 enim
1487 3137 1575 3186 arro-

449 3233 579 3322 gantiae,
600 3233 700 3301 nichil
724 3234 882 3323 superbiae
906 3234 946 3302 de
970 3235 1038 3322 ejus
1062 3234 1122 3302 sibi
1146 3234 1290 3301 moribus
1314 3233 1500 3320 usurpabat,
1521 3232 1578 3300 sed

449 3346 486 3414 in
505 3346 657 3415 omnibus
676 3347 811 3414 affabilis
829 3356 863 3415 et
883 3348 1066 3432 benivolus,
1086 3349 1119 3415 in
1139 3358 1222 3416 terra
1242 3349 1377 3434 positus,
1397 3347 1578 3414 caelestibus

452 3469 561 3548 aptum
585 3481 620 3528 se
646 3460 789 3528 moribus
812 3460 1013 3528 ostendebat.
1036 3461 1115 3528 Erat
1139 3462 1224 3528 enim
1248 3473 1379 3549 aspectu
1400 3460 1575 3550 angelicus,

381 3566 426 3636 20
452 3593 601 3641 sermone
620 3573 753 3659 nitidus,
770 3593 866 3661 opere
885 3585 1028 3660 sanetus,
1045 3594 1177 3662 corpore
1191 3575 1327 3663 integer,
1344 3575 1474 3663 ingenio
1494 3574 1578 3662 opti-

451 3707 539 3772 mus,
569 3687 703 3756 consilio
736 3705 889 3775 magnus,
919 3688 981 3755 tide
1010 3688 1198 3774 catholicus,
1229 3708 1285 3774 spe
1312 3689 1577 3776 patientissimus,

452 3800 609 3868 charitate
636 3800 788 3888 diffusus,
817 3801 956 3869 orationi
985 3803 1141 3870 intentus,
1163 3802 1417 3890 Quinquagenos
1441 3821 1580 3890 namque

453 3923 502 3980 tcr
524 3912 641 3981 cotidie
664 3914 881 4002 particulatim
906 3914 1049 4004 psalmos
1072 3915 1302 3984 consuescebat
1325 3916 1473 4004 psallere,
1494 3937 1581 3984 nuno

453 4026 488 4092 in
507 4027 611 4096 crucis
630 4028 739 4114 modo,
755 4048 843 4097 nunc
860 4028 1037 4098 immobilis
1056 4037 1177 4098 statura
1196 4030 1292 4116 fixus,
1308 4051 1398 4099 nunc
1416 4031 1489 4099 fixis
1506 4052 1580 4120 pro-

383 4131 752 4229 &mmmm
858 4154 919 4218 ’,

499 4258 575 4325 Hae
602 4256 741 4325 breviter
766 4259 806 4326 de
830 4258 928 4346 priori
951 4260 1198 4352 conversatione
1225 4259 1321 4329 diota.
1351 4259 1472 4328 Verum
1501 4278 1582 4348 qno-

455 4367 543 4436 niam
561 4366 603 4436 ad
618 4356 766 4438 ¹omnium
789 4390 923 4458 operum
946 4371 1015 4460 ejus
1041 4373 1260 4442 narrationem
1284 4391 1344 4440 neo
1368 4371 1461 4440 litera
1480 4379 1583 4458 potest
