3459 5667
810 561 815 566 ’
918 597 958 612 -
982 559 1027 628 86
1051 595 1091 612 ·-

438 697 622 770 vocitabant
648 699 898 769 Uuinualoeum.
929 701 989 769 Illa
1016 721 1092 770 vero
1123 720 1250 772 reversa
1277 709 1382 772 totum
1410 703 1444 772 in
1477 701 1577 771 omni

440 833 535 906 opere
553 814 639 882 bono
655 813 853 884 iruetilieans
871 815 1008 883 mutavit
1027 814 1171 884 studium
1191 836 1298 885 suum.

818 1133 1005 1208 ‘CAPUT
1036 1134 1171 1208 XXIII

532 1379 579 1446 Da
598 1379 759 1446 latronam
777 1379 894 1462 rapina
912 1385 941 1442 et
959 1378 1195 1445 miserabilium
1210 1397 1305 1463 poeaa
1322 1381 1475 1446 insecuta.
1554 1355 1560 1361 ⁵

484 1615 605 1687 Sedet
627 1613 831 1705 quidamvir
857 1633 897 1684 eo
922 1622 1066 1704 tempore
1089 1613 1193 1683 luerat
1215 1613 1349 1684 nomine
1371 1615 1579 1704 Catmaglus‚

440 1730 494 1800 eui
520 1729 576 1797 lilii
604 1738 671 1797 tres
697 1728 832 1816 maligni
859 1726 906 1797 rei
933 1729 1049 1796 alienae
1078 1735 1175 1812 [Μ.
1198 1747 1252 1800 oa
1276 1728 1328 1819 νο]
1354 1739 1513 1818 raptores,
1543 1737 1584 1798 et

391 1839 414 1910 5
441 1844 529 1936 quod
548 1843 719 1914 manifeste
737 1844 863 1913 aulerre
886 1845 1064 1933 nequibant
1081 1845 1164 1913 elam
1182 1865 1240 1934 per
1257 1845 1379 1914 lurtum
1403 1845 1577 1914 tollebant.

440 1960 499 2028 Isti
525 1978 601 2047 ergo
629 1957 783 2046 pecunias
810 1968 842 2026 et
870 1959 1040 2027 thesauros
1063 1959 1222 2028 universe
1245 1959 1386 2048 regionis
1412 1959 1478 2026 illie
1501 1977 1581 2026 esse

441 2071 526 2161 apud
545 2071 725 2161 predictum
744 2083 893 2140 sanetum
911 2071 1075 2160 depositos
1094 2072 1298 2158 arbitrantes,
1320 2073 1457 2140 oonsilio
1475 2070 1577 2154 inito,

442 2184 546 2255 saneti
564 2185 639 2271 loei,
661 2195 756 2252 noete
780 2203 875 2270 aaeea,
902 2185 1029 2274 navigio
1057 2186 1245 2254 invaserunt
1266 2195 1406 2274 septum.
1428 2185 1580 2272 Cumque

443 2297 634 2387 introgressi
657 2296 806 2383 luissent,
831 2297 983 2365 borreum
1002 2307 1213 2387 reppererunt
1232 2308 1378 2385 apertum
1399 2307 1497 2386 atque
1519 2315 1579 2364 or-

372 2417 417 2488 to
444 2414 541 2483 deum
561 2412 595 2482 in
618 2413 726 2482 medio
750 2414 905 2502 positum.
928 2414 1171 2492 Introeuntibns
1194 2423 1303 2483 autem
1328 2413 1407 2500 illis,
1427 2413 1580 2502 apparuit

444 2528 491 2596 eis
515 2528 573 2595 111
598 2527 861 2617 splendidissima
885 2528 976 2617 quasi
1001 2529 1056 2596 lux
1079 2527 1170 2598 solis.
1196 2528 1330 2616 Propter
1351 2529 1414 2596 boa
1435 2527 1579 2596 multum

444 2641 617 2708 confortati
640 2640 792 2710 dixerunt
814 2641 899 2709 intra
922 2662 986 2710 se:
1012 2669 1027 2702 a
1054 2641 1088 2710 Si
1110 2642 1178 2709 Deo
1197 2641 1380 2730 displiceret
1405 2642 1467 2710 boc
1488 2641 1580 2728 quod

444 2755 585 2844 agimus,
605 2775 672 2823 non
697 2765 786 2824 tanta
805 2756 861 2824 lux
884 2756 978 2824 nobis
1002 2755 1076 2824 data
1097 2756 1226 2840 luisset,
1252 2777 1313 2824 nec
1335 2757 1455 2825 ostium
1482 2757 1581 2825 istius

446 2867 563 2938 domus
582 2870 668 2958 quod
687 2870 1047 2958 invenimusalausum,
1064 2871 1143 2940 seris
1157 2871 1386 2940 minutissimis
1401 2872 1578 2957 firmatum,

374 2985 419 3055 15
447 2981 534 3051 ultro
562 3003 597 3052 se
627 2984 776 3072 aperiret.
808 2985 892 3052 Eece
918 2985 1031 3073 qualos
1058 2986 1207 3054 tenebras
1237 2994 1420 3073 perlatam
1449 2995 1581 3053 noctem

449 3110 547 3187 [ποι.
570 3106 637 3181 ors]
660 3099 875 3169 sustinuimus
893 3101 1101 3189 quoadusque
1124 3103 1188 3171 bue
1213 3101 1408 3188 venerimus,
1430 3085 1463 3169 at
1481 3099 1581 3168 modo

447 3213 710 3305 splendidissima
736 3212 830 3281 nobis
861 3213 918 3281 lux
945 3214 1173 3283 amministrat.
1204 3214 1264 3296 Eia
1295 3213 1392 3303 agite,
1423 3215 1451 3282 si
1478 3211 1581 3280 niebil

448 3339 595 3420 preterea
621 3326 818 3415 invenimus,
839 3327 953 3396 saltem
977 3328 1017 3398 de
1036 3329 1142 3397 elerici
1161 3328 1257 3416 hujus
1275 3327 1377 3395 ordeo¹
1391 3327 1488 3395 etiam
1507 3345 1581 3394 sae-

449 3444 540 3512 culos
571 3443 763 3532 impleamus
793 3452 941 3528 nostros3
971 3443 1152 3511 nonenim
1184 3460 1245 3510 nos
1276 3440 1433 3510 eondeeat
1463 3440 1582 3510 reverti

377 3555 423 3625 20
448 3575 618 3627 vacuos.»

493 3675 581 3755 Hora
606 3683 714 3744 antem
742 3681 811 3742 erat
837 3672 932 3763 quasi
956 3671 1062 3741 noetis
1085 3671 1202 3740 media.
1228 3672 1313 3740 Dum
1341 3691 1417 3740 vero
1443 3671 1513 3740 baec
1538 3671 1584 3740 ita

452 3789 642 3877 agebantur,
663 3786 760 3875 hujus
781 3786 828 3855 rei
852 3806 919 3856 non
943 3786 1072 3855 nescius
1097 3785 1131 3852 in
1155 3785 1384 3855 basilicarum
1412 3785 1480 3854 suis
1502 3805 1584 3854 noe-

451 3902 604 3970 turnabat
639 3900 872 3970 Uuinualoeus.
908 3899 1055 3990 Cumque
1088 3910 1264 3968 nocturnas
1296 3899 1403 3968 debite
1439 3900 1583 3990 percele-

452 4017 601 4085 brassent
619 4016 756 4104 vigilias,
781 4015 934 4084 fratribus
958 4034 1024 4084 una
1044 4016 1256 4104 congregatis,
1280 4016 1342 4085 boe
1365 4014 1463 4084 modo
1482 4015 1583 4083 inter-

379 4123 425 4192 25
454 4131 576 4220 rumpit
600 4129 764 4198 silentium
793 4130 938 4199 dicens:
969 4129 1134 4216 «Videte,
1166 4130 1291 4216 fratres,
1319 4138 1471 4198 utrumne
1499 4137 1586 4197 recte

451 4245 558 4331 agitur
585 4262 660 4333 erga
686 4264 740 4313 res
770 4244 970 4322 monasterii.
1006 4271 1018 4306 r
1052 4245 1094 4312 Et
1126 4263 1225 4312 manu
1256 4264 1384 4312 rursum
1418 4243 1585 4311 silentium

452 4357 601 4430 indieans
624 4357 737 4430 aiter
767 4358 875 4430 Nolite
901 4367 1059 4448 metuere,
1087 4359 1189 4430 nolite
1217 4358 1413 4430 conturbari.
1444 4356 1584 4441 Quidam
