3459 5667
950 636 1148 706 -172-

488 778 576 850 domi
604 778 767 849 deliciunt.
797 780 838 848 Et
866 778 926 849 bec
954 780 1016 849 tria
1042 800 1081 849 ex
1106 788 1174 848 toto
1204 776 1362 848 territurio
1389 776 1492 848 uncti
1518 777 1609 846 nubis
1689 833 1690 858 2

488 894 656 964 debentur.

1017 1108 1087 1177 Llll

492 1380 496 1389 ’
531 1356 650 1428 Notum
678 1356 721 1427 sit
749 1365 815 1427 tam
843 1356 1046 1447 presentibus
1069 1376 1165 1449 quam
1195 1356 1312 1427 suturis
1338 1356 1424 1449 quud
1450 1356 1611 1429 Seluester

487 1473 572 1543 filius
591 1471 735 1561 alterius,
757 1473 910 1543 tratribus
932 1474 1000 1543 snis
1021 1474 1250 1561 annuentibus,
1270 1472 1359 1543 dedit
1381 1485 1494 1543 sanctu
1517 1474 1610 1542 Win-

440 1588 463 1660 b
488 1590 623 1680 gnalneo
638 1600 756 1657 terram
775 1589 921 1659 Penkarn
937 1590 1069 1659 liberum
1089 1600 1122 1658 et
1139 1590 1317 1658 immunem
1334 1588 1374 1657 ab
1393 1589 1481 1656 omni
1497 1610 1608 1678 censu,

486 1716 592 1797 preter
618 1726 636 1777 a
665 1727 764 1777 eensn
794 1708 937 1777 consulis
963 1718 996 1777 et
1026 1717 1129 1797 preter
1154 1709 1217 1777 bue
1238 1708 1336 1797 quod,
1361 1728 1433 1777 eum
1461 1709 1611 1779 hemines

487 1821 588 1891 saneti
610 1821 813 1912 Wingualoei
832 1822 864 1890 in
890 1822 1021 1891 servitio
1039 1822 1183 1893 consulis
1201 1822 1311 1908 ierint,
1331 1843 1445 1891 ornnes
1462 1823 1610 1892 bumines

490 1935 593 2005 suncti
610 1936 811 2026 Wingualoei
827 1937 867 2006 de
883 1938 974 2026 plebe
991 1939 1124 2008 Cletuen
1144 1958 1217 2007 eum
1237 1959 1275 2007 eo
1294 1938 1326 2005 in
1343 1939 1491 2028 jussione
1509 1948 1613 2008 suaet

488 2053 548 2121 sub
568 2070 626 2120 sua
645 2051 743 2121 tutela
763 2072 834 2121 eum
856 2052 925 2121 suis
948 2052 1020 2121 aliis
1042 2051 1228 2121 bominibus
1253 2050 1287 2118 in
1315 2050 1443 2120 servitio
1468 2050 1613 2119 consulis

421 2165 464 2239 lb
489 2165 601 2253 ierint3
623 2174 656 2235 et
680 2176 787 2256 preter
808 2145 882 2251 bue,
908 2165 1148 2256 quodquidam
1176 2166 1267 2234 lucus
1291 2183 1388 2254 snpra
1415 2182 1503 2234 mare
1526 2164 1614 2254 justa
1689 2235 1690 2262 χ

489 2282 640 2350 'l'olmaen
662 2300 833 2350 concessus
852 2282 912 2350 luit
931 2280 990 2367 itti,
1011 2280 1039 2349 si
1059 2280 1166 2366 vellet,
1182 2279 1221 2348 ad
1242 2279 1354 2348 turrim
1374 2278 1611 2347 instruendam.
1689 2271 1690 2352 Ϊ

490 2397 578 2467 Etsi
603 2394 719 2465 domus
743 2396 824 2465 taeta
846 2394 955 2480 luerit,
978 2394 1186 2485 capellaniam
1212 2393 1300 2461 illius
1321 2392 1437 2460 dumus
1458 2400 1492 2459 et
1516 2410 1614 2460 ornne
1689 2411 1690 2414 ’

491 2510 576 2601 quod
609 2510 649 2579 at
681 2510 849 2581 ecelesiam
881 2510 1021 2601 pertinet
1051 2518 1163 2578 saneto
1194 2506 1407 2596 Winguuloen
1438 2507 1612 2576 concessit.
1665 2581 1690 2593 „

490 2630 688 2700 Fraternitas
707 2628 822 2699 domus
840 2630 943 2699 sancti
957 2628 1160 2720 Wiugualoei
1175 2646 1327 2696 concessa
1346 2636 1395 2695 est
1413 2625 1557 2715 predicto
1577 2626 1611 2695 S.

422 2742 466 2811 lb
491 2755 523 2815 et
542 2746 611 2818 suis
629 2746 796 2830 iratribus3
812 2757 843 2814 et
862 2766 935 2815 cnm
954 2745 993 2814 ad
1013 2744 1242 2814 fraternitatem
1261 2742 1613 2833 unusquisqueeorum
1689 2755 1690 2758 ’

491 2860 628 2931 voluerit
644 2861 765 2949 uenire,
786 2880 859 2930 eum
878 2860 948 2931 suis
965 2859 1085 2930 diuitiis
1102 2868 1153 2929 est
1171 2858 1200 2929 ei
1219 2868 1374 2928 statutum
1393 2858 1515 2929 uenire.
1689 2840 1690 2864 ¹

1021 3172 1089 3240 LlV

789 3360 924 3497 [Sunius
946 3430 1087 3479 conrrnn
1109 3408 1315 3498 uolnus]
1375 3503 1377 3507 v

537 3667 634 3745 [Fal.
659 3674 739 3730 1⁰4
761 3664 809 3741 νο]
831 3658 966 3729 Riuelen
985 3660 1054 3728 Mur
1072 3656 1230 3729 llartbou.

535 3776 670 3845 Riuelen
691 3776 850 3846 llartbou.
1281 3784 1285 3792 '

537 3891 671 3960 Conear.

538 4004 676 4075 Gradlon
696 4005 779 4074 Mur.

495 4168 496 4173 ,
522 4119 648 4187 Daniel
663 4111 763 4189 'Diem
782 4118 855 4189 llud
874 4121 1073 4190 ulammanis
1091 4140 1146 4191 rex
1160 4121 1243 4189 tuit.-

461 4296 464 4301 ,
537 4233 639 4304 Bndie
657 4246 688 4302 et
706 4234 861 4321 Maxenrb
882 4235 946 4304 dun
966 4234 1093 4314 iratres5
1689 4329 1690 4332 Ἴ

537 4348 635 4441 laban
654 4348 763 4418 Reith.
789 4350 860 4419 Huc
881 4351 1009 4419 rediens
1024 4352 1174 4420 blarebel
1200 4351 1359 4421 interfecit
1386 4360 1418 4419 et
1445 4362 1614 4441 paternum

494 4464 697 4533 consulatum
716 4465 945 4553 recuperavit„
1007 4510 1010 4516 ι
1105 4515 1107 4518 -
1173 4510 1176 4517 -
1689 4469 1690 4548 l

1689 4571 1690 4614 l
