3459 5667
606 622 782 692 ..83-

168 761 344 829 Armorum
363 757 476 828 nitidis
494 759 592 828 modo
611 759 747 849 spoliata
766 757 953 847 triumphis,

170 873 249 955 Quae
268 873 373 943 iuerat
390 873 463 941 laeta
481 873 627 942 conuiuia
648 894 715 942 nou
734 873 911 942 moderata.

171 985 293 1073 Pompa
311 987 450 1076 superba
467 986 529 1055 init
551 1016 558 1054 a
580 987 704 1056 Ninivae
724 986 811 1075 quod
830 986 912 1053 forte
931 983 1075 1053 minatur

172 1097 295 1168 Erectae
313 1110 402 1169 vates
420 1111 593 1187 venturum
612 1101 769 1190 prescius,
789 1110 897 1194 actum
916 1108 966 1169 est

172 1210 408 1302 impletumque
426 1214 460 1282 iu
479 1233 529 1302 ea,
550 1216 773 1305 improperans
795 1243 802 1282 a
828 1217 887 1282 Udi
906 1223 985 1282 tectu
1004 1217 1128 1282 iconum
1307 1209 1331 1278 5

172 1328 217 1393 ut
235 1331 413 1395 catulorum
429 1348 548 1413 pascuo
566 1331 671 1396 dirum
690 1332 761 1396 loto
780 1331 925 1396 cocum?

173 1440 270 1509 Anne
287 1441 356 1530 ejus
374 1442 503 1512 fueraut
521 1452 599 1512 tunc
617 1444 717 1512 fortes
735 1461 826 1511 more
844 1442 968 1530 leones,

174 1552 237 1635 Qui
257 1554 370 1622 mundi
390 1566 496 1644 partes
515 1557 681 1646 rapiebant
698 1557 781 1625 iorte
800 1577 858 1646 per
876 1558 1000 1646 amplas

175 1667 334 1757 Praedam,
353 1681 421 1738 tam
439 1669 507 1740 sevi
524 1689 621 1761 quam
641 1670 813 1760 sanguinis
829 1680 926 1759 atque
944 1667 1070 1738 cruoris

176 1782 310 1870 Semper
329 1785 435 1852 avari?
455 1785 541 1852 Laeta
558 1785 691 1854 leonum
710 1783 763 1852 hic
780 1801 901 1871 pascua
920 1801 997 1872 sepe
1291 1777 1335 1848 to

177 1901 274 1977 [not.
290 1914 343 1967 or
366 1904 416 1980 νο]
440 1898 554 1968 Faetus
576 1907 794 1988 reppererant.
815 1898 953 1966 Pulchra
979 1895 1055 1985 quia
1082 1895 1185 1964 torma
1209 1893 1264 1984 ju·

177 2010 294 2079 Omnis
313 2011 390 2080 huic
407 2024 556 2101 comptae,
576 2034 650 2082 cum
669 2013 762 2081 sortis
779 2012 877 2081 uellet
896 2011 1006 2080 haberi
1132 2008 1263 2099 [ventae,

176 2124 244 2193 Aut
262 2124 388 2213 doctus,
409 2127 528 2214 pariter
546 2127 711 2212 currebat;
731 2127 790 2196 sed
807 2125 905 2194 modo
925 2145 1036 2210 nemo,
1151 2197 1157 2207 ,

178 2238 241 2320 Qui
262 2239 402 2327 praedam
420 2240 528 2329 cupiat
546 2240 610 2309 nisi
631 2269 639 2308 a
661 2240 719 2308 sed
738 2238 832 2328 quasi
852 2250 955 2308 morte
975 2238 1100 2326 sepulta
1118 2246 1180 2306 est.

179 2357 298 2426 Nullus
313 2358 443 2447 jamque
462 2370 577 2447 potens
595 2359 757 2428 violentus
775 2377 879 2447 agone
897 2357 1065 2443 remansit,
1294 2353 1338 2424 15

180 2471 324 2539 Praedam
345 2470 498 2560 diriperet
516 2471 589 2560 qui,
611 2472 668 2540 sed
686 2490 871 2560 compressa
889 2471 1017 2539 redacta
1035 2478 1096 2538 est.

227 2585 339 2653 Tantis
358 2606 435 2675 ergo
452 2587 547 2655 malis
564 2587 669 2654 dicam
689 2587 747 2654 tibi
767 2587 900 2676 pinguia
918 2606 1036 2675 pressae
1058 2615 1065 2654 :

82 2758 87 2766 .
183 2697 267 2766 Sunt
286 2699 341 2767 ubi
361 2699 503 2768 dirorum
521 2699 639 2769 rictum
656 2701 771 2769 esseda
789 2701 876 2768 celsa
893 2700 1038 2785 leonum,

183 2812 289 2901 Atque
307 2813 497 2882 catellorum
516 2835 646 2904 quoque
665 2833 784 2904 pasena
803 2816 876 2882 iaetu
895 2812 1048 2882 leonum?

183 2928 305 3017 Nempe
322 2929 381 2997 tibi
400 2931 490 2998 venit
508 2930 613 2999 ludeae
631 2931 718 3020 qnod
737 2932 827 3000 stetit
846 2939 970 3018 aptum,
1102 2987 1111 3002 κ

184 3042 264 3110 Vate
283 3063 340 3131 per
358 3043 499 3112 adlatum
518 3043 645 3112 dicente
664 3045 848 3133 perenniter
865 3043 988 3112 almum
1010 3070 1018 3110 ε

184 3156 358 3226 Coloitium
374 3161 425 3242 suc
442 3161 610 3227 dilatatum
628 3163 924 3248 moresquilurum.

185 3268 358 3338 Caluitium
377 3271 497 3360 quippe
515 3272 658 3341 hominis
676 3272 712 3340 in
731 3271 851 3340 uertice
869 3273 939 3340 solo

185 3384 267 3452 Esse
285 3385 384 3469 solet,
405 3387 587 3474 totum'per
605 3407 721 3475 corpus
739 3397 887 3476 apertum
905 3384 1016 3455 haberi
1081 3382 1084 3387 ’

186 3500 249 3567 Ast
266 3499 395 3588 aquiiae,
416 3511 540 3568 veteres
558 3501 712 3570 membris
729 3501 807 3589 quia
825 3500 866 3568 de
885 3499 1037 3568 omnibns
1055 3497 1207 3587 plummae
1296 3491 1342 3564 25

186 3612 357 3682 Labuntur
374 3617 448 3683 cium
467 3615 560 3684 valde
578 3617 728 3685 senescit.
750 3616 923 3686 dulcitium
942 3635 1018 3703 ergo

187 3726 255 3796 Ceu
274 3727 403 3816 aquiiae,
423 3728 549 3817 plumas
567 3730 644 3818 quia
663 3730 727 3798 late
745 3729 885 3817 perdidit
904 3729 1039 3817 amplas,

187 3840 307 3909 Dilatat
325 3842 479 3931 populum
497 3863 570 3932 quae
587 3843 773 3912 ammiserat
792 3842 864 3933 ipsa
881 3841 1032 3911 ieroecm.

189 3956 293 4042 [ποι.
316 3959 390 4044 aa]
409 3958 490 4026 Nam
510 3958 653 4027 cecidere
667 3958 798 4047 quidem
817 3955 1009 4047 magnarum
1024 3975 1138 4044 pennae
1152 3954 1277 4043 aquila·

190 4068 272 4139 Cum
290 4071 411 4161 quibus
428 4072 491 4140 ista
508 4072 617 4142 volare
635 4083 782 4142 sueverat
801 4073 866 4141 alta
883 4073 1015 4160 rapinae.
1178 4077 1275 4157 [rnm,
1301 4075 1346 4144 30

191 4183 308 4254 Omnis
327 4186 414 4254 enim
433 4207 562 4276 pugnax
580 4197 613 4255 et
631 4187 714 4269 betti,
725 4187 838 4255 ductor
855 4185 1024 4255 habendus

193 4297 390 4372 Concessere
408 4301 554 4392 extincti,
574 4321 632 4391 per
649 4321 733 4391 quos
751 4300 864 4392 praelia
882 4300 959 4369 uicit
