3459 5667
959 591 1133 660 ..50-

480 741 578 822 atque
599 732 797 820 compatiens
824 751 891 800 non
917 731 1002 800 vaiet
1030 749 1153 800 curare.
1176 729 1226 798 liii
1256 728 1330 799 data
1356 739 1407 800 est
1434 726 1615 802 'curationis

480 845 583 936 gratia
600 841 739 934 atque'a
761 865 895 935 corpore
915 845 1052 934 proximi
1076 843 1258 913 molestiam
1278 843 1312 912 in
1332 846 1472 934 presenti
1491 847 1617 915 oratio-

480 961 579 1029 nibus
598 960 734 1049 repellit,
756 959 812 1028 sed
835 970 944 1029 tamen
968 959 1114 1051 seipsum
1139 959 1217 1048 quid
1242 959 1337 1048 paulo
1361 970 1434 1048 post
1458 970 1620 1050 sequatur

481 1078 618 1166 ignorat.
635 1077 882 1164 Dispensatione
901 1076 1107 1166 omnipotens
1121 1077 1209 1144 Deus
1224 1076 1271 1144 sie
1284 1076 1318 1143 in
1338 1075 1448 1146 eiectis
1467 1077 1535 1146 suis
1553 1096 1619 1146 sua

433 1190 456 1259 5
481 1191 566 1260 dona
584 1191 763 1278 dispensat,
779 1199 816 1258 ut
835 1201 869 1259 et
888 1190 942 1259 isti
961 1191 1015 1258 det
1029 1190 1116 1279 quod
1135 1191 1182 1259 ilii
1202 1190 1338 1278 denegat
1356 1200 1388 1258 et
1400 1190 1492 1258 alteri
1508 1191 1620 1280 majus

480 1302 566 1391 quod
581 1301 673 1369 alteri
688 1302 798 1370 minus
812 1302 944 1388 tribuat,
962 1310 1134 1391 quatenus,
1150 1301 1228 1370 dum
1246 1301 1296 1370 rel
1311 1301 1373 1369 iste
1387 1302 1504 1371 babere
1520 1302 1618 1370 illum

481 1415 637 1504 conspicit
665 1415 751 1504 quod
780 1416 849 1504 ipse
881 1436 948 1485 non
974 1417 1081 1504 babet,
1103 1416 1153 1486 vei
1176 1423 1272 1500 [nol.
1294 1433 1349 1486 os
1371 1423 1422 1499 vo]
1447 1417 1501 1485 iile
1523 1417 1620 1486 hune

479 1533 585 1622 majus
612 1528 772 1618 accepisse
799 1531 983 1600 considerat
1010 1531 1098 1621 quod
1123 1531 1184 1600 sibi
1212 1531 1322 1600 minus
1346 1531 1458 1600 adesse
1482 1541 1616 1620 pensat,

481 1643 566 1712 dona
585 1645 643 1714 Dei
662 1645 742 1713 alter
760 1645 794 1712 in
813 1646 927 1733 altero,
947 1646 982 1714 id
1001 1658 1050 1716 est
1069 1647 1227 1733 vicissim,
1248 1666 1362 1715 omnes
1380 1647 1615 1734 ammirentur3

413 1757 456 1828 to
480 1768 578 1847 atque
596 1778 635 1826 ex
649 1758 709 1826 bae
727 1757 797 1847 ipsa
810 1756 1036 1828 ammiratione
1050 1760 1238 1828 humilietur
1254 1759 1452 1846 alteralteri,
1468 1769 1616 1850 atquem

481 1871 571 1939 ridet
584 1870 703 1939 babere
718 1870 805 1959 quod
823 1872 1001 1941 nonhabet
1019 1893 1093 1941 eum
1109 1872 1219 1941 divino
1235 1873 1357 1962 judicio
1373 1873 1435 1942 sibi
1453 1873 1616 1962 prelatum

480 1994 583 2074 putet.
610 1984 670 2053 Cui
696 2004 773 2074 ergo
800 1994 848 2072 tn,
881 1986 1098 2073 sanctissime,
1128 1985 1305 2074 comparari
1328 1996 1432 2075 potes,
1463 1987 1617 2055 Uuinua-

480 2101 562 2188 loee,
584 2099 735 2168 omnibus
754 2099 806 2168 bis
825 2099 986 2169 donorum
1003 2101 1285 2170 distributionibus
1299 2101 1427 2189 plenus,
1443 2100 1616 2169 mirandus

482 2213 516 2280 in
537 2213 744 2299 abstinentia,
761 2212 795 2280 in
814 2213 903 2281 uerbi
923 2214 980 2283 Dei
999 2215 1133 2284 seientia
1151 2215 1287 2302 nitidus,
1304 2216 1337 2282 in
1357 2214 1445 2282 roois
1463 2213 1614 2282 libertate

413 2326 456 2396 15
483 2336 595 2396 eontra
631 2337 775 2396 terrenas
812 2318 987 2417 potestates
1023 2338 1190 2417 strenuus,
1225 2329 1371 2398 omnium
1407 2339 1614 2398 terrenorum

483 2453 608 2531 spretor
631 2443 850 2530 firmissimus,
872 2464 980 2513 rerum
999 2445 1132 2534 longum
1158 2445 1232 2514 lieet
1256 2454 1332 2534 post
1354 2455 1482 2534 tempus
1504 2445 1616 2513 immi·

482 2561 630 2629 nentium
660 2562 816 2649 prescius,
838 2561 1015 2632 curationis
1044 2563 1146 2652 gratia
1173 2562 1325 2648 donatus,
1349 2563 1458 2631 omnia
1485 2563 1554 2630 baee
1582 2571 1615 2630 et

482 2675 585 2743 multo
616 2675 710 2764 plura
741 2675 775 2741 in
808 2675 948 2763 teipsum
981 2675 1212 2764 complectens,
1245 2696 1317 2764 quaa
1349 2674 1550 2744 divisibiliter
1578 2675 1614 2742 in

424 2819 426 2823 ¹
482 2787 605 2856 oaeteris
633 2788 804 2857 distributa
829 2787 929 2857 sunt!
956 2788 1015 2857 Cui
1045 2788 1162 2858 similis
1190 2789 1403 2875 estimaberis,
1432 2789 1525 2878 cujus
1552 2808 1614 2856 neo

411 2897 591 2991 attingus
620 2923 680 2971 neo
705 2923 767 2972 vox
795 2923 901 2992 neque
930 2903 1052 2994 ingenii
1085 2903 1219 2972 humani
1255 2911 1352 2987 [not.
1374 2909 1441 2986 oa]
1477 2902 1613 2972 facultas

482 3028 587 3106 potest
606 3017 690 3086 faeta
710 3017 898 3107 complecti!

913 3346 1087 3420 CAPUT
1123 3347 1187 3420 ΙΙΙ

481 3579 529 3646 De
551 3578 618 3660 ejus
643 3580 781 3643 transitu
800 3595 858 3661 per
880 3596 977 3661 pagos
1000 3579 1211 3644 Domnonr'cos
1235 3585 1264 3643 et
1287 3579 1322 3643 de
1350 3580 1408 3644 toci
1435 3580 1612 3645 inventione

732 3699 825 3775 utque
843 3693 879 3756 de
898 3692 965 3775 ejus
982 3694 1170 3758 conditionis
1188 3694 1366 3776 asperitate.

527 3931 588 4000 Hie
606 3931 715 4021 igitur,
731 3939 821 3999 -ut
839 3951 969 4000 rursum
990 3931 1030 4000 ad
1049 3932 1248 4020 propositum
1267 3940 1416 4000 nostrum
1436 3929 1612 4020 expeditius

411 4033 414 4039 ’
483 4047 664 4134 redeamus,
685 4066 727 4115 ne
745 4047 910 4115 fastidium
932 4047 1063 4136 gignere
1081 4047 1246 4116 videamur
1263 4057 1330 4115 tam
1353 4047 1485 4136 longum
1504 4051 1612 4133 prote-

483 4161 580 4228 lando
600 4180 796 4247 sermonem,
813 4169 845 4228 et
863 4181 930 4229 non
950 4170 1015 4228 tam
1033 4161 1166 4251 longum
1180 4179 1416 4250 quamverum,
1433 4177 1613 4248 -perpa

414 4276 460 4345 25
484 4285 542 4363 gos
557 4272 596 4342 ad
616 4274 815 4343 occidentem
833 4294 946 4344 versus
960 4275 1180 4343 Domnonioos
1195 4274 1357 4343 transiens
1370 4274 1517 4362 circaque
1533 4272 1611 4341 Cor·

484 4390 582 4460 nubie
595 4391 770 4460 confinium
786 4393 997 4482 perlustrans,
1014 4393 1144 4463 tandem
1158 4393 1192 4462 in
1208 4392 1314 4460 insuia
1330 4413 1402 4482 quae
1416 4390 1612 4480 Tbopepigia
