3459 5667
657 549 839 628 αδδς-ιι

139 719 142 723 >
176 687 367 778 dissipandos,
385 687 455 778 ojus
482 696 610 768 tantum
636 690 687 760 vol
714 691 780 766 vita
808 690 858 771 voi
883 691 1086 772 nouvaraatio
1109 691 1188 778 ivit-p
1214 710 1307 780 6666,

176 823 274 894 quam
301 803 371 882 suis
398 801 454 873 dat
480 813 514 872 61
539 805 673 892 proripit
696 805 855 894 regulum,
875 805 1004 886 vivendi
1029 805 1183 886 transibit
1201 808 1306 888 sublit

175 918 299 994 irritato.
325 915 419 998 Quod
442 927 551 991 111666
585 919 614 992 si
644 920 839 1010 quandoque
866 921 1060 1009 pervenerit,
1094 942 1162 1000 uon
1194 921 1305 1000 statim

174 1031 217 1106 ad
243 1030 426 1118 generalem
458 1031 631 1110 formulam
661 1033 772 1109 reterri
803 1033 916 1118 bobeta
948 1053 1015 1106 uon
1046 1033 1134 1113 enim
1166 1053 1185 1114 a
1216 1043 1306 1132 papia
1406 1097 1409 1102 .

174 1145 322 1233 minima,
343 1144 377 1218 id
400 1159 449 1222 est
470 1145 510 1219 de
530 1147 790 1224 mosideratione
811 1166 1000 1236 paucorum,
1022 1149 1080 1228 sed
1102 1170 1140 1228 eu
1162 1150 1217 1228 bia
1233 1171 1306 1239 uve
1346 1147 1377 1226 '5

173 1260 366 1345 multorum,
391 1262 491 1335 imnro
509 1263 669 1351 omniun,
690 1263 858 1352 subissent
877 1265 1020 1344 suavitati
1045 1264 1239 1342 universalis
1256 1276 1309 1344 est.

172 1375 286 1464 regula
309 1375 528 1465 proponenda.
555 1377 590 1452 Si
614 1395 678 1465 qua
700 1396 778 1452 vero.
798 1378 965 1454 rarissime
986 1388 1083 1470 atoue
1105 1397 1124 1452 a
1147 1377 1304 1466 murtro·

171 1490 236 1565 mia
255 1489 456 1578 optinentur,
475 1507 515 1566 oe
531 1489 778 1578 possibilitatem
792 1491 975 1567 mmmuuis
989 1489 1119 1568 virtutis
1131 1491 1304 1578 eroedunv,

170 1604 224 1682 vel
242 1621 340 1691 supra
361 1601 582 1680 uenditionem
605 1602 757 1678 bumana
779 1603 963 1702 tragilitatis
987 1616 1203 1696 naturamque
1223 1625 1306 1682 eone.

171 1737 275 1807 nesso,
295 1726 316 1793 a
333 1717 492 1808 preceptis
510 1726 588 1794 sunt
606 1718 813 1807 generalibus
830 1720 1062 1808 sequestranda
1080 1742 1140 1798 neo
1157 1731 1225 1798 tam
1243 1741 1302 1810 pro
1329 1725 1375 1814 111

171 1833 320 1921 exempto
344 1851 443 1921 quam
467 1831 702 1919 prominente
726 1832 928 1920 proterenda.
955 1833 1078 1923 uerna
1104 1835 1190 1912 euim
1215 1835 1302 1916 diota

170 1959 223 2020 ost
249 1967 289 2018 eo
311 1946 397 2035 quod
420 1946 537 2034 dirigat
562 1965 680 2031 mores,
705 1957 738 2020 et
755 1947 832 2036 unia
851 1947 926 2035 ptus
944 1949 1092 2024 minusve
1111 1950 1298 2040 aequiperat.

168 2060 251 2136 Pius
277 2061 364 2135 onim
393 2061 531 2135 destruit
557 2061 762 2149 deterrendo,
787 2064 897 2136 miuus
924 2085 990 2135 non
1023 2065 1158 2140 adibunt
1190 2067 1299 2142 tabes«

168 2174 287 2256 nendo.
309 2175 450 2262 Utroque
473 2175 583 2262 itaqua
606 2175 737 2261 evitato,
757 2175 844 2265 quod
868 2177 1029 2254 mediooro
1054 2185 1151 2261 [bnt.
1177 2185 1247 2262 uu]
1267 2189 1300 2259 61

168 2300 383 2381 temperatum
402 2289 499 2364 suerit
517 2290 621 2378 magis
643 2292 811 2380 magisque
834 2293 949 2368 oresoit
974 2302 1007 2362 ot
1034 2293 1068 2366 in
1092 2293 1193 2368 altum
1223 2304 1298 2368 tau*
1326 2295 1371 2382 dii

167 2404 243 2478 dem
260 2405 343 2478 hene
362 2414 545 2492 porrectum
563 2405 742 2493 consurgit.
759 2407 828 2477 Hoc
841 2415 949 2481 autem
969 2406 1118 2495 superius
1137 2407 1295 2497 devitans,

165 2529 200 2589 61
218 2519 304 2591 istud
323 2519 526 2617 mediocriter
545 2529 789 2594 obsonatorum
812 2530 939 2609 patrum
959 2541 1093 2594 sumens
1112 2522 1294 2616 sententiis,

165 2631 235 2700 sive
252 2632 375 2718 Basilii,
400 2631 468 2701 sive
485 2631 645 2718 Penuphii
664 2641 908 2720 oeterorumque
931 2653 1023 2722 aeque
1050 2634 1293 2722 embolismum,

164 2749 220 2819 dat
239 2748 286 2818 eis
305 2749 393 2837 quod
412 2748 519 2820 onneti
544 2748 643 2817 vitam
667 2747 812 2818 volentos
835 2747 1126 2836 incarnandam,
1148 2750 1295 2838 quamvis

163 2883 230 2931 non
258 2862 380 2951 absque
404 2862 564 2932 laborent
591 2861 722 2950 quidem
747 2862 874 2948 grandi,
903 2863 1117 2935 communiter
1136 2863 1208 2932 sino
1227 2864 1293 2938 ullo
1319 2873 1365 2952 20

162 2975 327 3064 ambiguo,
348 2978 416 3044 Deo
435 2976 574 3060 favente,
595 2985 729 3067 possent
746 2993 909 3067 peragere.

206 3091 265 3162 1116
283 3100 391 3164 autem
411 3089 639 3164 solusathleta
657 3088 697 3164 ad
712 3089 922 3176 pugnandum
937 3101 1050 3158 eontra
1063 3091 1189 3166 hostem
1204 3091 1289 3168 iuvi-

161 3206 239 3280 dum
258 3204 488 3288 eieotlssimus,
503 3203 592 3279 velut
610 3202 745 3292 impiger
759 3204 852 3272 miles
865 3204 931 3278 dux¹
944 3205 1034 3292 betti,
1049 3208 1103 3294 qui
1123 3218 1257 3283 ouootas
1271 3228 1290 3280 6

160 3320 293 3410 regione
311 3316 474 3389 antecellit
489 3326 521 3384 et
539 3337 613 3387 oum
627 3317 764 3385 stridore
778 3316 891 3386 inuitat
904 3318 944 3392 ad
959 3320 1169 3408 pugnandum
1186 3321 1287 3410 logio-

159 3456 232 3520 nes,
248 3444 384 3522 utraque
401 3432 544 3501 hostiurn
561 3432 596 3499 in
614 3432 781 3520 procinctu
796 3433 864 3500 aoio
879 3434 947 3521 jam
967 3435 1115 3510 oominus
1134 3455 1289 3526 apparen-
1316 3444 1362 3524 25

160 3551 242 3622 tium
262 3558 380 3634 stante,
402 3549 487 3616 inter
506 3567 578 3616 sese
597 3548 736 3616 invicem
759 3548 985 3636 clangentibus
1008 3551 1163 3640 utrinque
1182 3553 1288 3622 rauci-

159 3665 250 3735 sonis
263 3663 351 3732 tuhis
364 3663 485 3730 bellurn
504 3660 664 3729 cientibus
679 3661 877 3750 iamiamque
895 3661 1164 3750 aggredientium,
1182 3675 1214 3732 61
1229 3665 1288 3738 hos

159 3780 282 3865 statim,
308 3776 388 3844 inito
412 3775 575 3861 oonssiotu,
597 3785 654 3842 aut
672 3776 732 3842 hos
753 3781 849 3857 [1161.
872 3791 927 3844 eu
951 3777 1002 3864 v0]
1020 3785 1109 3864 terga
1128 3779 1207 3845 vorti
1229 3765 1287 3846 ne·

159 3919 249 3968 66116
268 3906 335 3980 est3
354 3904 424 3962 tum
442 3893 539 3962 eorda
557 3893 744 3980 pavidorum
765 3893 987 3962 momentatim
1008 3904 1162 3978 tremunt,
1184 3895 1285 3963 auda-

159 4014 246 4081 oium
268 4022 376 4080 tamen
398 4009 531 4079 vibratis
556 4009 671 4078 aeriter
693 4009 799 4078 contis
821 4029 893 4078 sese
915 4019 1037 4079 acuunt
1057 4036 1065 4078 ι
1087 4009 1141 4079 ille
1163 4021 1284 4097 autem,
1314 4011 1358 4080 30

159 4129 231 4198 sine
259 4127 325 4196 ullo
349 4126 540 4195 intentionis
568 4146 636 4194 suae
664 4136 768 4211 motu,
795 4125 896 4193 nichil
925 4125 1011 4192 aliud
1041 4125 1105 4194 nisi
1134 4143 1286 4213 superare

157 4243 285 4312 hostem
307 4237 467 4330 cogitans,
488 4260 548 4309 neo
570 4241 675 4329 spolia
702 4239 808 4308 adhuc
835 4239 1027 4308 distribuere
1054 4240 1201 4327 quamvis
1224 4240 1285 4307 oh-

158 4357 250 4445 tima‚
270 4366 326 4425 aut
348 4354 507 4426 hortando
525 4375 603 4424 suos
625 4355 738 4444 cingit,
757 4364 814 4422 aut
837 4353 923 4423 inter
946 4371 1001 4422 eos
1026 4354 1128 4422 molta
1150 4371 1287 4423 munera
