3459 5667
927 534 1100 605 ..88-

839 887 1014 962 CAPUT
1050 887 1183 961 XXIV

482 1132 576 1216 item,
595 1130 631 1194 in
648 1129 767 1196 eosdm
783 1130 821 1194 de
838 1129 977 1211 eiusdem
994 1129 1096 1194 serico·
1113 1131 1311 1195 miseratione
1328 1135 1359 1195 ot
1376 1130 1553 1196 eorumdem

829 1243 969 1308 mirabili
988 1245 1197 1309 conversione.

494 1481 553 1550 llis
571 1479 670 1570 igitur
688 1478 733 1547 ita
751 1478 864 1568 gestis,
885 1488 958 1567 post
972 1477 1108 1566 primam
1122 1478 1315 1548 celebratam
1329 1480 1454 1568 horam,
1472 1479 1579 1550 omnia

450 1611 523 1686 qure
542 1596 593 1664 his
610 1595 690 1663 viris
709 1595 744 1662 in
764 1595 826 1663 ista
844 1604 940 1663 nocte
958 1594 1140 1663 acciderant
1161 1594 1210 1664 vir
1227 1595 1286 1664 Dei
1306 1596 1454 1664 narrabat
1473 1594 1578 1663 iratri-

450 1709 523 1778 bus.
539 1708 609 1776 lllis
626 1727 701 1776 vero
715 1708 783 1776 Deo
801 1707 921 1795 gratias
939 1706 1123 1794 agentibus,
1139 1727 1205 1776 non
1224 1707 1331 1776 solum
1350 1717 1481 1796 propter
1496 1708 1580 1776 viros

450 1832 642 1912 prostratos,
662 1843 776 1892 verum
796 1822 893 1891 etiam
913 1842 970 1910 pro
990 1822 1092 1910 gloria
1109 1822 1168 1890 Dei
1187 1823 1220 1890 in
1240 1843 1333 1892 servo
1351 1843 1411 1892 suo
1430 1823 1579 1892 manileu-

403 1939 426 2008 5
451 1945 546 2004 tata:
572 1962 586 1998 o
608 1935 728 2025 Nolite,
749 1937 866 2025 inquit,
888 1937 922 2004 in
946 1955 1055 2005 casum
1080 1936 1285 2006 inimicorum
1308 1947 1489 2006 vestrorum
1507 1957 1581 2026 gra·

451 2051 561 2139 talari,
581 2071 687 2141 neque
705 2053 841 2141 gloriam
859 2052 900 2120 ah
914 2052 1052 2121 invicem
1067 2052 1124 2121 sed
1137 2073 1210 2141 qnae
1224 2071 1243 2120 a
1257 2054 1324 2121 Ileo
1343 2063 1392 2122 cst
1411 2054 1579 2142 quaeratis,

452 2167 607 2254 scriptun
626 2167 745 2255 quippe
762 2174 812 2235 est
833 2195 841 2233 ι
868 2193 881 2227 n
904 2166 965 2248 Qui
988 2166 1145 2254 gloriatur
1162 2166 1197 2232 in
1216 2166 1354 2234 Domino
1372 2166 1540 2254 glorietur.
1564 2195 1578 2228 s

453 2279 538 2362 Quin
557 2279 655 2348 etiam
673 2279 804 2347 Domini
827 2278 1017 2348 mandatum
1037 2286 1134 2362 [nol.
1156 2286 1225 2361 ua]
1246 2279 1427 2348 voluntarie
1449 2281 1583 2369 implere

453 2392 620 2462 dehemus.
640 2420 656 2454 n
677 2394 728 2461 llli
746 2403 853 2462 antem
873 2393 913 2461 ad
928 2394 997 2462 haeo
1010 2393 1257 2482 respondentes,
1277 2393 1428 2464 dixerunt
1448 2421 1456 2463 ι
1482 2423 1497 2456 r
1517 2396 1582 2463 llo
1647 2407 1648 2410 ’

384 2507 427 2576 10
453 2509 555 2596 mine,
575 2507 616 2576 de
634 2527 700 2596 quo
717 2506 947 2576 commendas?
964 2535 978 2567 n
996 2507 1054 2576 Ille
1071 2507 1145 2576 dein
1163 2534 1170 2576 :
1191 2535 1205 2568 e
1224 2507 1296 2575 Nou
1315 2507 1356 2577 de
1374 2528 1441 2577 uuo
1458 2518 1584 2578 tantum
1647 2595 1648 2598 Ἴ

454 2621 515 2692 ned
532 2621 572 2690 de
594 2621 760 2708 omnibus,
786 2631 884 2711 prout
901 2621 1009 2695 ,virtus
1032 2620 1215 2690 ministrare
1238 2621 1365 2709 poterit.
1389 2649 1404 2682 o
1426 2623 1519 2691 Tunc
1539 2622 1584 2690 illi

453 2735 548 2804 aiunt
578 2761 586 2802 :
621 2761 635 2795 α
665 2734 757 2802 Felix
788 2735 843 2823 qui
872 2735 969 2804 etiam
997 2753 1097 2823 pauca
1123 2735 1275 2824 colligere
1305 2735 1453 2804 valuerit.
1494 2764 1510 2797 s
1543 2737 1585 2804 At

456 2848 512 2917 ille
532 2874 541 2916 z
564 2861 581 2909 ὰ
606 2849 726 2918 Verum
755 2858 818 2935 cst,
849 2849 969 2938 inquit,
1000 2850 1057 2918 sed
1086 2849 1142 2938 qui
1174 2849 1214 2918 ad
1245 2868 1351 2918 arcem
1378 2850 1584 2939 perfectionis

456 2962 641 3050 tetenderit,
665 2982 799 3032 necesse
821 2973 871 3033 est
894 2973 942 3051 ut,
966 2982 984 3031 a
1007 2964 1152 3032 minimis
1176 2985 1234 3055 per
1257 2964 1404 3033 ordinem
1427 2964 1585 3052 gradatim

386 3082 430 3151 15
457 3097 670 3166 consurgens,
690 3078 731 3147 ad
748 3079 862 3147 altiora
880 3099 1017 3168 quaeque
1039 3080 1192 3165 maxima,
1212 3080 1263 3148 his
1288 3099 1417 3168 quoque
1440 3099 1507 3146 non
1527 3099 1583 3148 nc-

457 3191 585 3280 glectis,
616 3191 748 3260 tendere
776 3191 898 3281 cupiat,
926 3201 974 3280 ut,
1004 3192 1064 3261 etsi
1093 3213 1160 3261 non
1187 3202 1315 3277 cuncta,
1343 3191 1457 3260 saltem
1486 3209 1584 3280 pauca

458 3305 562 3374 valeat
590 3305 874 3394 comprehendere.
902 3305 985 3388 Quia
1013 3306 1112 3395 igitur
1139 3305 1204 3374 dixi
1236 3305 1423 3375 mandatum
1455 3305 1582 3375 Domini

387 3425 391 3433 ’
457 3439 520 3488 nos
538 3430 686 3509 oportere
703 3421 847 3509 implere,
868 3433 1010 3510 tempus,
1030 3431 1068 3490 ut
1088 3422 1217 3510 estimo,
1238 3433 1300 3509 est,
1321 3422 1447 3510 fratres,
1467 3423 1503 3490 in
1527 3442 1582 3490 ne-

396 3562 399 3567 ’
458 3535 606 3606 cessitate
625 3537 817 3606 constrictos
835 3536 998 3607 visitandi.
1021 3537 1183 3626 Scriptum
1201 3525 1342 3627 namque
1359 3547 1434 3606 est:
1453 3565 1468 3598 α
1491 3537 1583 3605 Inlir-
1647 3573 1648 3622 3

387 3649 433 3718 20
458 3671 532 3720 mus
550 3650 597 3719 lui
616 3659 651 3718 et
668 3650 823 3718 visitastis
844 3671 909 3738 me,
930 3652 963 3718 in
988 3669 1113 3720 carcere
1135 3661 1168 3720 et
1191 3651 1326 3720 venistis
1347 3650 1434 3742 [1¹⁰1
1455 3669 1509 3722 oa
1533 3657 1582 3734 va]

458 3765 499 3834 ad
517 3785 583 3833 me.
606 3792 622 3826 ι
643 3764 699 3831 lsti
718 3783 808 3852 ergo,
829 3764 905 3852 quia
927 3764 1045 3832 inlirmi
1069 3764 1173 3852 valde,
1199 3775 1276 3833 suut
1299 3774 1427 3854 propter
1449 3765 1583 3833 manda-

458 3888 531 3947 tum
559 3877 730 3964 visitandi,
757 3887 790 3945 et
816 3877 893 3966 quia
915 3878 1049 3947 omuino
1075 3879 1196 3948 moveri
1225 3899 1260 3948 se
1287 3898 1353 3946 non
1382 3887 1521 3968 possunt
1545 3878 1583 3946 de

459 3992 531 4062 loco
550 3993 667 4080 inquo
686 4001 784 4080 stant,
805 3993 883 4081 quid
907 3991 969 4060 nisi
996 3994 1088 4081 quasi
1110 3994 1143 4062 in
1167 4011 1292 4062 carcere
1311 3993 1407 4080 positi
1426 3993 1527 4063 sunt?
1543 3994 1584 4061 Et

459 4116 581 4196 tamen,
602 4117 731 4199 propter
748 4108 1015 4195 misericordiam,
1035 4108 1193 4178 solvendi.
1218 4137 1233 4170 s

390 4216 436 4286 25
470 4247 473 4252 ·
504 4224 588 4294 Huic
614 4234 722 4293 autem
747 4225 862 4294 iratres
893 4254 901 4294 ε
932 4252 945 4287 n
976 4225 1155 4316 Numquid,
1183 4224 1348 4316 inquiunt,
1381 4224 1415 4292 hi
1447 4223 1503 4314 qui
1535 4223 1583 4292 di·
1647 4219 1648 4250 ³

460 4338 537 4408 uina
564 4339 688 4412 ultione
714 4334 856 4431 perculsi
884 4349 972 4431 sunt,
997 4342 1140 4411 humano
1164 4341 1330 4432 juramine
1355 4340 1540 4412 relevandi?
1567 4365 1581 4401 ι
