3459 5667
610 615 807 684 -153-

147 768 347 850 perpetuam.
369 756 490 828 Idcirco
515 757 654 848 seipsum
678 757 914 828 commendarit
935 766 1047 828 sanato
1071 755 1269 845 Uiugualoeo

148 896 223 944 oum
249 873 399 942 omuibus
423 873 503 961 suis,
528 883 624 963 atque
646 872 806 964 propriam
831 872 1041 942 hereditatem
1064 872 1098 942 iu
1117 884 1270 942 aeternam

148 993 396 1082 possessiouem.
422 993 491 1082 Ego
514 991 695 1063 Gradlouus
719 992 820 1083 gmtia
846 992 904 1061 llei
927 1013 983 1062 rex
1007 992 1130 1062 affirmo
1153 991 1187 1061 io
1211 990 1270 1061 llei

149 1106 282 1177 uomina
301 1106 334 1174 iu
354 1106 582 1177 dieumbitioue
604 1118 715 1178 saneto
734 1107 966 1197 Uuiugualoaao
983 1126 1042 1197 pro
1059 1105 1167 1175 anima
1185 1124 1269 1194 mea,

149 1232 183 1291 et
201 1222 257 1311 qui
275 1222 420 1292 minuere
438 1232 495 1293 aut
512 1223 658 1315 frangere
682 1224 817 1294 voluerit
834 1241 853 1293 a
876 1224 944 1294 Deo
968 1224 1011 1293 sit
1033 1222 1221 1293 maledictus
1239 1233 1272 1293 et
1317 1225 1340 1295 5

150 1338 355 1429 dampnatus.
376 1341 494 1411 Amen.

670 1627 755 1697 XXII

563 1868 611 1937 Dr
634 1868 700 1938 Lau
724 1868 856 1937 Rurrau.

199 2107 257 2177 Hae
275 2106 389 2176 litterae
403 2114 536 2175 narrant
549 2106 635 2196 quod
654 2126 713 2195 ego
730 2103 912 2176 Gradlouus
928 2112 1025 2189 [ποι.
1049 2123 1129 2180 m
1153 2115 1202 2191 νο]
1219 2129 1275 2178 rex

152 2223 272 2295 tradidi
291 2223 331 2293 do
349 2242 420 2294 mea
437 2224 564 2313 propria
577 2224 752 2293 hereditate
766 2232 878 2293 saneto
891 2223 949 2293 Dei
964 2223 1101 2293 Ratiauo
1114 2225 1275 2314 quandam

153 2340 276 2409 tribum
296 2340 330 2407 iu
349 2339 474 2426 Seathr,
494 2338 531 2406 Ti
550 2339 667 2423 Fenm,
686 2340 747 2407 Bot
765 2337 933 2423 Frisuuiu‚
952 2348 1048 2427 atque
1070 2349 1187 2407 terram
1205 2360 1277 2428 quae

153 2466 267 2524 vocata
284 2464 335 2524 est
352 2456 420 2523 Lau
438 2455 566 2542 Ratiau,
587 2454 617 2523 id
641 2464 690 2525 est
713 2454 883 2523 duodecim
906 2454 1063 2542 scripulos
1086 2464 1195 2542 terrae3
1215 2457 1277 2526 Tili
1303 2458 1346 2527 10

154 2572 302 2659 Meuuer,
322 2572 402 2641 Seut
419 2572 517 2661 lglur'‚
538 2573 702 2659 Peueoett,
719 2572 752 2640 iu
767 2572 885 2641 vicaria
903 2593 976 2661 quaa
989 2582 1120 2641 vocatur
1134 2571 1274 2661 Choroe3

154 2700 187 2757 et
206 2690 297 2757 Peuu
317 2688 425 2759 Gueru
444 2688 478 2756 iu
496 2688 724 2778 plebeTureh,
744 2688 778 2757 iu
798 2687 1006 2757 hereditatem
1029 2698 1193 2757 aternam.
1214 2688 1278 2759 Sed

155 2804 262 2873 isdem
281 2814 412 2873 sauctus
431 2803 587 2873 Ratianus
605 2813 732 2893 propter
746 2803 870 2872 cladem
883 2824 950 2871 suae
968 2803 1074 2893 gentis
1092 2804 1279 2891 deprecatus

78 3001 81 3007 ¹
156 2904 333 2989 est'lleum
361 2929 393 2987 et
421 2928 568 2987 sanetum
591 2917 860 3008 Uuiugualoeum,
885 2927 917 2986 et
939 2917 1022 2987 sieut
1041 2905 1077 2986 iu
1102 2918 1176 2987 aliis
1198 2917 1279 2987 loeis

157 3035 283 3123 multis,
305 3034 399 3105 itaet
422 3056 510 3103 uuue
532 3035 693 3105 exaudivit
716 3034 806 3105 illum
829 3033 1000 3121 Dominus,
1020 3032 1150 3124 quaudo
1172 3040 1279 3103 eusto—
1306 3040 1350 3109 15

158 3150 241 3219 divit
272 3150 378 3231 locum
408 3149 478 3240 ejus
509 3148 733 3238 usupradieta
757 3149 962 3221 mortalitate.
984 3149 1025 3217 Et
1047 3148 1119 3218 ideo
1138 3149 1280 3238 seipsum

159 3263 396 3333 commendavit
422 3250 534 3333 saneto
563 3262 783 3353 Uuiogualoeo
816 3284 889 3333 eum
918 3263 1069 3333 omuibus
1100 3262 1180 3333 suia.
1212 3264 1281 3353 Ego

160 3375 343 3447 Gradlonus
361 3377 422 3449 hoe
436 3378 558 3448 affirmo
576 3376 610 3445 iu
625 3376 855 3449 diuumhitioue
873 3378 908 3447 iu
928 3387 1047 3449 aeterua
1065 3377 1278 3467 possessione.

160 3493 278 3563 Amen.

675 3682 776 3749 XXlll

573 3925 621 3993 Dr
644 3925 875 3994 Trarrarruuuu.

209 4165 278 4254 Ego
309 4163 490 4234 Gradlouus
521 4184 576 4233 reu
606 4162 678 4232 veui
710 4183 813 4253 usque
845 4164 1093 4255 Lautegueuuoe
1122 4162 1162 4234 ad
1189 4183 1283 4233 sane-

166 4292 233 4351 tum
239 4334 1281 4355 .................................
1309 4278 1354 4349 20
