3459 5667
859 567 1059 636 -na-

437 704 522 773 ilinc
539 723 654 774 canere
672 703 837 794 incipiam,
859 718 1008 797 repetens
1027 707 1068 776 ab
1087 705 1212 796 origine
1232 706 1347 795 prima.

438 821 533 907 Nam,
553 840 625 889 cum
645 831 795 910 septenes
814 830 863 890 ter
881 824 999 893 ducere
1017 835 1152 893 nouerat
1170 842 1287 909 annos

437 935 604 1005 AEcclesiae
623 937 771 1006 residens
789 937 891 1028 septis
908 959 975 1008 non
994 939 1123 1028 agnitus
1142 938 1213 1029 ipse
1232 949 1292 1008 est.

399 1127 403 1132 .
439 1051 618 1141 Quinquies
637 1053 782 1123 intentus
802 1054 859 1124 sed
879 1055 981 1125 denos
999 1056 1106 1125 dicere
1124 1056 1267 1145 psalmos

439 1167 513 1253 Ter,
535 1166 640 1235 crucis
658 1167 692 1234 in
711 1168 856 1255 medulo,
878 1181 934 1238 aut
952 1169 1036 1238 fixus
1054 1169 1211 1259 flexisque
1229 1167 1375 1258 genuclis

439 1278 630 1369 Consuerat,
651 1281 752 1350 iratus
769 1302 831 1351 nec
849 1282 1073 1373 instabilisque
1091 1283 1207 1352 rideri.

440 1394 558 1463 Omnia
576 1416 648 1484 quae
667 1406 815 1465 sanctum
836 1405 994 1486 peragunt
1012 1397 1045 1464 in
1065 1415 1198 1484 corpore
1218 1393 1328 1463 nectit.

343 1569 347 1575 .
441 1514 538 1591 [rut.
554 1515 647 1592 m]
668 1511 717 1577 Ex
741 1511 801 1579 bac
824 1531 900 1599 ergo
924 1510 976 1579 die
994 1511 1119 1580 caulam
1139 1528 1204 1600 qua
1223 1507 1361 1579 condere
1381 1515 1526 1576 sanctam

442 1621 592 1711 Coeperit,
612 1622 691 1690 baut
709 1623 767 1691 lini
787 1625 910 1692 lanaeve
930 1623 1064 1694 indutus
1083 1623 1202 1693 amictu
1222 1631 1285 1711 est,

442 1735 605 1806 Pelliculis
622 1755 724 1826 caprae
743 1737 798 1806 sed
819 1739 918 1807 vestis
938 1739 1056 1808 texitur
1075 1737 1207 1826 aspris3-

442 1849 510 1918 Hac
527 1871 655 1940 qunque
672 1862 845 1921 contentus
865 1864 931 1921 tam
950 1865 1045 1921 nocte
1064 1852 1179 1940 dieque
1198 1849 1347 1919 manebat

443 1962 505 2031 Pro
524 1963 620 2053 bysso
639 1974 671 2033 et
689 1963 803 2033 serice.
825 1964 971 2033 Geminis
990 1964 1132 2034 stabilire
1152 1963 1270 2052 lapillis

444 2077 579 2147 Sacrum
597 2099 670 2147 eum
691 2079 826 2170 pedibus
845 2090 941 2169 caput
960 2091 1032 2167 apte
1050 2087 1210 2164 sueverat,
1233 2089 1341 2166 atque,

444 2191 626 2281 Siquando
645 2191 810 2282 ingrueret
828 2214 978 2279 somnus,
998 2214 1033 2263 se
1052 2205 1160 2282 aptare
1179 2201 1329 2281 grauatus

444 2304 524 2373 lnde
541 2306 634 2374 thoro
653 2307 741 2375 crine
760 2316 861 2376 strato
880 2305 1034 2396 durisque
1054 2305 1184 2396 lapillis.

766 2595 1161 2678 ffloemwffl.

445 2826 560 2894 AEscas
576 2823 657 2892 baut
673 2824 809 2914 prebent
826 2824 963 2894 cerealia
981 2824 1064 2892 sarra
1082 2822 1227 2908 diurnas,

447 2940 552 3009 Ordea
569 2939 626 3008 sed
645 2948 759 3008 tenues
778 2938 854 3008 huic
872 2949 1017 3027 prestant
1037 2937 1131 3005 sortia
1149 2936 1265 3022 victus,

446 3052 609 3143 Mixtaque
627 3075 701 3123 cum
721 3055 828 3124 cinere
846 3055 942 3143 longa
958 3053 1081 3143 jejunia
1099 3054 1264 3143 frangunt,

446 3167 585 3256 AEquate
604 3187 770 3257 propensa
789 3168 844 3237 tali
863 3169 1006 3258 pondere
1025 3155 1125 3236 librae.

447 3281 719 3371 Pulmentumque
735 3282 796 3350 sibi
815 3303 854 3350 ex
873 3281 1002 3371 lympha
1021 3280 1193 3350 commixta
1210 3277 1314 3348 farina
1332 3285 1398 3364 est,

447 3396 512 3463 Aut
531 3396 678 3464 holerum
697 3395 797 3464 trusis
816 3395 982 3464 conditum
1001 3394 1123 3462 viribus
1141 3392 1233 3483 ipsis.

448 3507 570 3577 Caseus
587 3510 777 3578 sollemnem
796 3510 907 3598 prebet
925 3529 982 3597 per
999 3509 1120 3577 fercula
1139 3507 1257 3595 lucem,

448 3626 492 3693 nt
510 3626 666 3715 quosdam
685 3627 786 3696 sumit
803 3645 922 3716 magna
940 3646 997 3714 pro
1018 3645 1152 3695 munere
1171 3625 1289 3714 pisces.

449 3739 578 3807 Nullam
598 3740 841 3830 quadrupedum
861 3752 917 3809 aut
936 3740 1101 3809 uolucmm
1120 3759 1249 3809 earnem
1268 3736 1353 3826 capit
1369 3735 1452 3826 ipse,

449 3853 517 3922 Nec
534 3853 760 3944 inpinguatum
778 3874 818 3924 ex
837 3855 902 3923 illis
920 3853 1156 3944 quid'sumpsit
1174 3852 1207 3920 in
1228 3872 1335 3942 usum.

554 4145 652 4223 [nul.
677 4155 756 4210 ιιι
779 4145 828 4223 m]
847 4138 918 4208 XX.
941 4175 981 4190 -
1000 4141 1047 4207 De
1066 4159 1175 4225 penem
1191 4147 1284 4224 potus
1302 4139 1381 4222 eiua.

495 4368 616 4440 Pocula
633 4370 810 4458 prebebant
828 4368 987 4440 silvestria
1006 4368 1091 4438 dena
1108 4387 1279 4458 propensa.
