3459 5667
616 618 811 689 -l63-·-

636 930 793 999 XXXVIII

483 1182 530 1250 Du
553 1202 647 1250 untur
672 1183 738 1255 Lnu
758 1184 938 1252 VVrvnnrr.

192 1426 271 1495 Haec
289 1426 442 1495 memoria
460 1428 578 1497 retinet
596 1429 681 1517 qnod
700 1430 775 1498 felir
793 1438 824 1498 el
843 1428 963 1497 nobilis
981 1448 1102 1513 comes,
1119 1428 1274 1497 Euuenus

142 1543 295 1631 nomme,
317 1544 404 1613 dedit
430 1555 540 1614 sancto
566 1547 789 1635 Uuingunloeo
813 1547 931 1614 tribum
956 1546 1115 1635 quandum
1142 1545 1274 1614 nornine

142 1657 219 1725 Lan
238 1658 339 1727 suncti
360 1666 456 1741 [Iron.
482 1666 575 1743 rso]
596 1661 801 1747 Uuuiuureti,
822 1662 880 1729 XII
895 1661 1000 1746 villus,
1021 1660 1197 1729 cumomni
1216 1660 1273 1728 de-

142 1771 217 1839 bito
245 1783 278 1841 et
305 1772 427 1841 decimu
457 1784 489 1843 et
516 1775 667 1844 omnibus
685 1775 714 1843 ei
735 1774 923 1863 apendiciis,
944 1774 1054 1844 Lnedti
1074 1774 1219 1863 superior
1242 1784 1275 1841 et

141 1888 262 1957 Lnedti
285 1888 428 1977 inlerior,
450 1891 530 1960 Cuer
553 1892 781 1980 Guingunltuc,
801 1892 894 1980 cujus
913 1892 1028 1961 divisio
1046 1903 1094 1959 est
1113 1912 1215 1979 usqne
1233 1890 1273 1958 nd
1324 1886 1346 1954 d

142 2004 270 2072 llumeu
290 2006 426 2090 Helorn3
449 2006 528 2077 Cner
547 2007 734 2093 llenedech,
760 2006 876 2077 divisio
894 2007 963 2096 ejus
981 2019 1030 2076 est
1047 2008 1087 2075 nd
1105 2026 1271 2090 occasum,

141 2122 281 2193 Rodoed
310 2125 407 2213 Corn,
432 2126 465 2194 id
492 2137 541 2195 est
559 2127 682 2196 Indum
707 2128 881 2217 Corneum,
903 2127 1019 2197 divisio
1038 2127 1079 2198 nd
1102 2126 1271 2214 orientem,

142 2246 178 2305 et
197 2256 279 2328 ruge
297 2260 368 2328 quae
388 2239 491 2329 pergit
510 2252 621 2310 contra
641 2240 820 2311 meridiem.

646 2566 774 2635 XXXIX

494 2818 543 2887 Iln
570 2838 664 2889 rnrsn
686 2819 925 2889 Lunnrvvnnou.

190 3068 267 3135 Haec
296 3066 468 3156 descriptio
500 3068 639 3137 declaret
667 3069 753 3159 quod
784 3079 917 3139 sanctus
948 3068 1127 3137 Morbretus
1159 3067 1271 3137 hebuit

143 3181 342 3271 colloquium
367 3193 443 3271 nput
468 3196 613 3252 sonetum
636 3185 905 3273 Uuiugunloeum,
934 3185 986 3253 cui
1012 3195 1043 3251 et
1070 3184 1210 3272 seipsum
1237 3193 1270 3252 et
1300 3178 1342 3247 10

142 3295 350 3375 heneficium,
370 3297 456 3385 quod
474 3297 578 3366 nidcrn
597 3312 708 3367 sancto
727 3299 885 3367 Morbrero
904 3296 993 3365 dedit
1011 3298 1144 3365 Euenus
1161 3318 1270 3365 comes

38 3444 39 3449 1
144 3412 201 3501 qui
230 3410 334 3481 dictus
356 3424 406 3482 est
429 3414 575 3503 Magnus,
600 3426 631 3483 et
655 3415 763 3483 omnia
788 3437 858 3505 quae
883 3416 1005 3501 habuit,
1030 3414 1266 3503 perpetualiter,

143 3536 182 3594 ut
210 3526 301 3595 illurn
328 3538 406 3618 nput
435 3530 538 3598 Deum
569 3530 699 3598 haberet
733 3511 988 3615 intercessorem,
1018 3529 1266 3617 commendavit,

144 3642 223 3730 quin
242 3644 329 3713 illins
349 3666 465 3714 nomen
486 3646 550 3714 illis
567 3647 680 3716 diebus
699 3648 831 3716 caelebre
849 3648 1037 3715 habebatur.
1058 3646 1149 3728 Quod
1169 3646 1267 3714 bene·
1335 3666 1341 3709 1

144 3756 254 3825 licium
283 3760 399 3828 dicitur
426 3761 492 3827 Lan
520 3760 669 3848 Riunole,
689 3780 763 3830 cum
789 3763 877 3830 omni
902 3761 1010 3829 debito
1038 3771 1069 3827 et
1092 3760 1215 3827 decima
1237 3770 1269 3827 et
1297 3769 1340 3839 15

145 3873 298 3942 omnibns
321 3874 349 3942 ei
370 3874 546 3964 apendiciis
568 3901 576 3943 ε
600 3881 696 3957 [not.
716 3892 797 3945 ruo
814 3882 860 3957 νο]
883 3876 1085 3963 Languenoe,
1110 3874 1271 3942 hereditas

145 3988 249 4059 sancti
280 3990 456 4058 Uuenlrneli
489 3990 544 4079 qui
576 3990 697 4078 primus
730 4000 802 4077 post
833 4001 979 4056 sanetum
1013 3988 1269 4075 Uuingunloeum

145 4105 245 4175 abhus
271 4106 349 4191 luit,
380 4108 446 4175 Lan
473 4108 630 4192 Declreuc,
657 4105 736 4175 Cner
766 4107 847 4194 Tan,
871 4106 941 4172 Rau
966 4104 1066 4191 llnes,
1097 4104 1177 4172 Caer
1204 4104 1268 4174 Gn·

145 4220 235 4308 lucu,
255 4244 351 4312 super
369 4224 487 4291 flumen
507 4224 639 4293 Helorn.
1336 4277 1340 4284 .

192 4342 288 4409 Anno
319 4338 470 4409 DCCCCli
503 4340 581 4408 L.V.
617 4338 849 4408 incarnationis
880 4336 1009 4406 Domini
1040 4335 1141 4405 nostri
1173 4335 1340 4410 Ihesu20

150 4453 281 4543 Christi,
301 4465 418 4546 aepacte
432 4454 530 4542 XXV,
546 4453 738 4525 indictiones
752 4454 807 4543 III,
824 4462 1052 4522 concurrentes
1072 4451 1140 4535 IIII,
1156 4448 1270 4521 termis
