3459 5667
608 606 711 676 ..gp
736 645 777 659 ..

171 751 248 820 Haec
264 750 417 818 mandate
435 759 490 818 tue
505 749 617 839 jussus
634 751 755 821 servire
773 749 924 818 Tonanti.
949 777 964 812 s

171 865 289 954 Sicque
305 863 364 932 Dei
382 864 494 932 famuli
513 866 637 933 monito
656 865 846 933 mitissimus
864 874 969 948 nctus,

171 979 321 1050 Culmine
338 980 415 1048 hinc
434 981 506 1049 solii
526 990 612 1050 recto
632 1001 705 1049 cnm
721 981 793 1071 jure
811 980 952 1066 tenebat,

169 1094 292 1181 Donec,
311 1094 473 1183 fluctivagi
492 1104 726 1185 contempnens
743 1094 868 1163 lubrica
885 1091 1012 1178 mundi,

170 1207 278 1296 Pergit
296 1209 336 1278 ad
355 1212 532 1280 aethereum
550 1230 669 1300 magno
687 1231 760 1280 cunr
779 1227 913 1278 munere
932 1216 1107 1298 sceptrum.
1307 1197 1329 1267 5

423 1477 428 1484 ’
517 1512 691 1587 ennnn
723 1512 867 1586 nuru

125 1739 219 1826 Item,
240 1739 276 1803 dc
294 1739 376 1805 donc
396 1739 476 1823 repis
494 1758 648 1823 prcpcrvo
669 1758 727 1822 pro
750 1737 877 1820 mappis
895 1737 1036 1822 incestis,
1058 1737 1151 1804 Riocc
1167 1754 1256 1820 pres·
1303 1781 1305 1786 -

229 1854 326 1919 bitere
344 1861 372 1918 ct
390 1855 543 1919 monache
561 1862 669 1919 sancte
687 1859 831 1938 repente,
853 1853 979 1917 tandem
996 1859 1147 1936 suscepte.

215 2073 277 2141 Hic
294 2071 345 2142 vir
363 2083 433 2142 eret
449 2083 580 2143 sanctus
598 2091 715 2162 magna
732 2073 851 2142 virtute
869 2071 1002 2159 Riocus‚

169 2186 274 2274 Hujus
295 2187 327 2255 in
347 2187 513 2276 obsequiis
532 2186 658 2256 deletus
676 2197 792 2275 sponte
809 2186 983 2276 benignus,

169 2300 332 2393 Presbiter
349 2302 521 2391 egregius,
542 2301 691 2370 monachi
711 2322 786 2370 cum
805 2301 937 2370 nemine
957 2300 1075 2370 clarus.
1114 2381 1118 2383 ‚

173 2419 270 2496 [Ful.
286 2421 354 2497 co]
375 2417 418 2483 At
436 2436 511 2484 cum
530 2427 646 2484 cuncta
664 2415 787 2484 rideret
806 2415 892 2483 dena
909 2414 1070 2503 repellier,
1092 2411 1199 2504 inquit
1220 2439 1228 2482 :

218 2555 233 2589 α
256 2528 283 2597 0
302 2528 417 2597 dilecte
435 2529 533 2597 michi
553 2539 726 2619 sancteque
745 2529 911 2618 magister,
931 2529 993 2597 hcc
1011 2547 1081 2617 cre,
1286 2518 1330 2587 10

171 2644 258 2713 Rure
278 2644 341 2713 mei
361 2654 488 2714 tantum
506 2644 645 2735 accipies
662 2664 813 2734 possessa
831 2645 986 2734 parentis.
1011 2673 1027 2742 ”.

171 2759 202 2827 ls
220 2758 318 2848 hujus
335 2759 496 2847 precibus,
516 2780 573 2848 pro
593 2778 710 2849 magne
729 2780 875 2846 munere,
896 2759 1014 2848 victus,

171 2873 302 2962 Accepit
319 2875 435 2943 nolens
453 2874 558 2964 prime
577 2874 662 2963 quod
681 2894 802 2963 ponere
816 2875 924 2964 jussit.

172 2988 249 3055 Haec
266 2988 428 3057 tribuente
446 2989 531 3078 cepit
550 2989 723 3078 gratulanti
741 3009 817 3058 rure
835 2989 1010 3076 Gredlcno,

171 3102 346 3189 Splendida
364 3102 420 3192 qui
439 3113 563 3172 cunctae
581 3104 683 3192 patuit
702 3104 812 3194 petriae
830 3104 899 3194 ipse
919 3104 1063 3190 lucerna,
1286 3088 1329 3156 15

169 3214 231 3282 Per
248 3214 425 3284 Dominum
444 3217 611 3287 Christum
629 3217 685 3309 qui
703 3220 812 3289 secula
829 3228 946 3288 cuncta
963 3219 1133 3308 gubernet.

539 3520 713 3598 CAPUT
746 3522 844 3598 XIX
905 3507 906 3512 ¹

363 3746 409 3811 ne
427 3730 593 3813 atterente
612 3755 640 3812 ec
660 3748 821 3815 metricae
840 3747 1018 3817 euticen.

216 3966 321 4048 Quam
339 3966 423 4036 bene
441 3968 584 4038 candelis
602 3969 815 4059 splendebant
833 3970 975 4040 culmina
992 3972 1094 4041 ternis

171 4078 355 4168 cornubie,
377 4102 525 4172 proceres
544 4104 619 4152 cum
637 4085 721 4154 terni
740 4086 825 4154 celse
843 4085 1015 4156 tenebant!

169 4193 258 4262 Rura
277 4197 326 4262 vel
345 4196 410 4263 ime
428 4217 556 4286 regens,
578 4198 760 4268 Gradlcnus
776 4200 850 4289 jura
868 4210 992 4270 teneret

171 4306 253 4376 Cum
273 4309 387 4380 doctus
405 4321 550 4398 terrena3
571 4313 729 4382 nitentem
747 4326 897 4406 pergeret
915 4317 1067 4388 haustum
1286 4317 1331 4388 20

169 4421 219 4492 Ac
236 4423 363 4515 popule
374 4424 496 4497 sitienti
515 4425 745 4520 Ccurentinus,
764 4427 800 4500 in
817 4431 905 4501 almo
1090 4489 1115 4575 .ss
