3459 5667
133 1001 279 1086 INCIPIT
307 1023 449 1086 cubula
479 1024 544 1087 DIE
573 1022 714 1086 NATALI
746 1024 878 1086 sanam
908 1003 1171 1087 GUINGUALOEI
1199 1023 1249 1083 AD

189 1155 392 1216 LECTIONES
434 1155 640 1220 PERTINENS
681 1154 898 1218 NOGTURNAS
936 1157 984 1216 ΕΤ
1020 1155 1160 1216 HABITA
1199 1154 1249 1214 AD

187 1285 376 1349 POPULUM.

129 1533 134 1539 '
179 1531 258 1604 Haec
280 1544 388 1623 autem
411 1532 628 1623 rescribimus,
647 1542 703 1604 aut
723 1515 776 1603 bis
802 1531 857 1624 qui
884 1535 966 1604 sorte
991 1533 1078 1604 bunc
1103 1545 1249 1606 nostrum

128 1634 168 1738 [in
188 1650 434 1741 precedentibus
455 1651 543 1722 libris
553 1655 672 1742 'capere
689 1663 745 1721 aut
762 1651 910 1740 colligere
928 1650 1123 1720 intellectum
1143 1649 1249 1718 minus

127 1746 256 1855 ualent,
277 1779 330 1838 aut
349 1757 401 1839 bis
418 1769 485 1860 qui,
505 1770 578 1839 aliis
596 1767 738 1858 occupati
758 1768 991 1858 occasionibus,
1007 1768 1114 1840 minus
1133 1784 1248 1836 vacan-

127 1868 196 1972 tes,
219 1886 299 1956 istas
317 1887 416 1977 hujus
434 1887 536 1958 sancti
554 1886 798 1978 compendosius
816 1886 850 1957 in
874 1907 974 1958 unum
993 1885 1160 1978 complecti
1179 1902 1249 1954 am-

127 1987 230 2069 ¹biunt
247 2001 392 2073 uirtutes.
1298 1965 1320 2036 5

614 2225 715 2290 Lectio
732 2223 762 2289 I.

129 2456 134 2463 ’
176 2458 257 2529 Post
274 2457 473 2528 ammirabile
490 2458 617 2549 generis
635 2459 767 2528 humani
792 2459 1014 2528 commertium
1036 2477 1100 2548 quo
1123 2457 1162 2528 dc
1187 2477 1246 2528 an·

134 2573 215 2665 tiqui
244 2575 393 2644 facinoris
420 2574 487 2645 lece
512 2574 701 2644 mundatum
730 2585 791 2660 est,
821 2585 893 2664 post
919 2575 1038 2664 ignitas
1064 2574 1247 2664 linguarum

127 2691 372 2760 *coruscationes
390 2690 430 2760 de
452 2690 529 2759 caelo
547 2691 693 2778 emissas,
714 2690 830 2779 quibus
852 2710 956 2759 novus
978 2710 1051 2758 cum
1070 2689 1141 2758 rudi
1159 2690 1247 2758 sonte

133 2803 329 2875 imbueretur
347 2825 491 2892 cuneus,
519 2806 564 2876 ita
589 2816 637 2894 ut,
658 2805 744 2896 quod
762 2805 846 2895 ignis
865 2804 1017 2874 doctrinae
1035 2804 1245 2896 contingeret,

132 2917 333 3010 baptismatis
351 2923 437 2993 unda
457 2929 552 3006 [not.
576 2940 659 2993 azo
679 2929 729 3006 vo]
748 2922 896 3008 dilueret,
916 2932 1038 3012 etpost
1061 2921 1247 2992 innumera·
1276 2914 1318 2984 10

131 3033 215 3106 biles
231 3038 387 3108 uictorum
406 3039 488 3108 rosei
511 3039 627 3108 coloris
649 3040 833 3130 phalanges,
853 3037 1064 3108 confessionis
1082 3059 1172 3129 aeque
1189 3059 1247 3128 pa·

131 3149 272 3241 riterque
297 3153 503 3243 multiplicem
527 3153 724 3223 intemerate
745 3153 937 3246 uirginitatis
961 3154 1130 3242 calculum,
1151 3154 1247 3224 ctiam

37 3338 38 3349 ,
132 3275 163 3333 et
179 3267 276 3336 nobis
297 3267 456 3338 Dominus
479 3280 589 3339 noster
610 3269 727 3338 lhesus
750 3267 896 3338 Christus
919 3267 1192 3338 Cornubiensibus
1212 3269 1247 3338 in
1359 3356 1362 3360 V

37 3374 38 3453 ἐ
127 3378 195 3450 'line
213 3381 325 3452 mundi
343 3383 469 3473 positis,
488 3384 597 3452 miuus
619 3383 757 3471 idoneis,
778 3384 929 3452 extremis
953 3383 1128 3454 Galliarum
1152 3403 1245 3456 sanc·

131 3505 202 3568 tum
220 3497 336 3570 direxit
352 3513 449 3594 atque
465 3500 607 3572 occiduis
625 3500 659 3570 in
678 3482 825 3592 partibus
840 3484 1080 3574 Winualoe'um.
1273 3489 1317 3560 15

604 3823 703 3892 Lectio
725 3822 774 3890 Π.

125 4061 128 4066 ’
175 4058 259 4144 Quia
274 4059 374 4150 enim,
393 4061 477 4131 sicut
494 4061 528 4131 in
546 4060 650 4152 primo
673 4061 715 4132 de
732 4061 804 4131 Vita
821 4059 891 4151 ejus
918 4059 1000 4130 libro
1021 4079 1124 4152 nuper
1141 4059 1244 4133 edidi·

124 4176 217 4263 mus,
237 4174 354 4246 inclitis
371 4175 557 4268 parentibus
574 4187 607 4247 et
626 4175 747 4247 eisdem
764 4176 869 4245 Deum
887 4195 944 4264 pro
966 4175 1027 4245 hoc
1045 4175 1245 4266 deprecanti·

133 4285 193 4360 bus
225 4301 314 4362 ortus
345 4284 406 4382 est,
440 4313 515 4362 mox
541 4291 640 4384 quasi
660 4284 769 4362 lumen
799 4290 1095 4382 splendidissimum
1123 4301 1246 4364 cunctae

134 4401 274 4478 innotuit
293 4409 414 4500 patriae.
434 4407 558 4481 Deinde
579 4419 613 4480 et
633 4408 777 4500 eiusdem
800 4418 901 4500 pater,
922 4427 995 4480 cum
1018 4419 1136 4479 sanctae
1154 4407 1244 4501 pueri

1088 4534 1104 4580 9
1237 4531 1239 4536 .
