3459 5667
632 594 810 665 ...31-

152 736 242 807 viora
261 743 433 804 tormenta.
456 733 491 803 Si
510 733 597 803 enim
617 734 657 804 ad
676 735 753 803 boni
773 735 1019 805 incitamentum
1037 734 1146 805 divina
1165 735 1286 825 quibus

152 865 414 917 ammoneremur
436 857 587 936 precepta
609 846 771 933 deessent,
796 867 854 936 pm
879 846 950 935 lege
977 846 1073 916 uobis
1101 859 1287 917 sauctorum

154 961 301 1052 exempla
315 961 511 1030 sufficereut.
528 962 571 1029 At
584 972 709 1046 contra,
725 960 803 1030 dum
817 971 851 1030 ot
865 981 925 1029 uos
939 961 1026 1030 Deus
1040 961 1199 1050 preceptis
1217 979 1287 1029 am·

154 1084 286 1145 moueat
303 1083 335 1142 et
348 1072 414 1141 vita
428 1082 614 1142 sauctorum
627 1074 705 1142 boui
719 1073 826 1162 operis
840 1074 936 1143 uobis
953 1073 1100 1162 exempla
1114 1084 1285 1163 proponat,

154 1189 244 1257 nulla
258 1197 309 1257 est
322 1188 391 1277 jam
409 1187 450 1257 de
469 1199 559 1257 reatu
574 1189 750 1276 excusatio,
766 1189 843 1278 quia
861 1200 893 1258 et
907 1189 958 1257 lex
976 1189 1034 1257 liei
1049 1206 1144 1256 aures
1159 1197 1288 1255 nostras
1335 1189 1358 1258 5

155 1300 274 1383 cotidie
297 1300 417 1390 pulsat,
437 1310 469 1369 et
487 1302 644 1371 factorum
668 1301 861 1371 documenta
880 1302 1038 1371 bonorum
1057 1300 1165 1371 cordis
1183 1300 1288 1370 nostri

154 1413 270 1481 intima
289 1424 475 1501 provocant.
496 1416 537 1484 Et
560 1416 589 1485 si
614 1435 786 1505 pravorum
809 1436 894 1503 saepe
918 1415 1020 1485 secuti
1039 1434 1154 1483 sumus
1177 1434 1287 1483 enem-

155 1525 222 1614 pla,
241 1545 300 1593 cun
317 1545 383 1594 non
404 1526 567 1595 imitemur
585 1537 769 1595 sauctorum
789 1526 888 1615 digna
905 1536 937 1594 et
962 1528 1029 1594 Deo
1048 1525 1165 1614 placita
1182 1525 1287 1592 lacta?

155 1638 244 1706 Etsi
268 1638 335 1727 apti
360 1658 475 1707 sumus
498 1640 618 1708 imitari
642 1640 771 1729 iniquos
789 1640 824 1709 in
843 1640 979 1727 malum,
998 1661 1057 1709 cur
1074 1639 1155 1728 pigri
1175 1658 1289 1707 sumus

154 1749 276 1818 imitari
292 1751 399 1839 justos
418 1752 452 1819 in
472 1752 616 1822 bouum?
635 1752 786 1823 Omudus
804 1762 853 1823 est
872 1754 971 1842 igitur
985 1756 1085 1839 Deus,
1100 1762 1137 1820 ut
1154 1751 1289 1821 virtutes
1315 1755 1359 1823 lo

155 1884 238 1956 quas
269 1868 390 1936 sanctis
419 1869 608 1957 praeparavit
638 1869 739 1961 [mol.
765 1876 832 1953 aa]
862 1870 904 1937 ad
932 1889 1098 1954 cononum,
1127 1870 1222 1938 uobis
1247 1867 1289 1937 ad

155 1982 334 2071 profectum
348 1981 428 2067 sint,
444 2003 510 2051 nou
524 1983 565 2052 ad
579 2002 716 2071 paeuam.
733 1984 907 2053 Proficieut
924 1995 1033 2054 autem
1052 1983 1092 2052 ad
1111 1984 1289 2071 profectum

155 2102 319 2181 nostrum,
345 2094 373 2163 si
402 2095 547 2185 exempla
571 2097 771 2166 uoluerimus
794 2097 915 2165 imitati
941 2097 1109 2166 virtutum.
1135 2095 1241 2177 Certe,
1261 2094 1290 2163 si

155 2228 196 2279 ea
214 2210 323 2297 potius
341 2210 478 2279 aversati
503 2229 600 2299 quam
624 2211 740 2279 imitati
768 2210 939 2297 fuerimus,
963 2209 1005 2277 ad
1028 2207 1289 2296 dampnationem

155 2333 300 2392 nostram
331 2334 438 2415 erunt,
467 2325 543 2414 quia
571 2344 608 2393 ea
638 2324 864 2393 tantummodo
894 2321 1030 2411 legendo
1062 2321 1197 2411 implere
1222 2341 1289 2390 nou
1316 2323 1360 2393 15

155 2457 343 2527 possumus,
364 2437 392 2509 si
412 2457 615 2529 nequaquam
634 2438 754 2509 imitari
773 2436 921 2507 faciendo
939 2436 1139 2506 studeamus.

578 2774 745 2851 CAPUT
776 2776 869 2849 XIV

287 3022 335 3089 Dc
352 3021 489 3104 eiusdem
506 3040 611 3107 sorore
628 3022 680 3087 cui
696 3024 847 3087 amissum
864 3021 1001 3085 restituit
1019 3020 1156 3085 oculum.

200 3247 244 3317 Et
260 3248 345 3319 hauc
361 3270 491 3340 quoque
514 3250 735 3339 virtutemne
758 3250 996 3335 actitianum
1019 3250 1188 3319 minimam
1212 3250 1288 3319 bea-

154 3362 289 3433 titudini
307 3374 422 3434 vestrae
440 3364 591 3433 intimane
610 3385 676 3433 nou
695 3364 877 3453 neglegam,
894 3364 970 3454 quia
988 3365 1050 3434 hoc
1064 3364 1194 3433 silentio
1207 3383 1290 3452 opus

154 3496 223 3545 nou
242 3476 492 3566 pretereundum
517 3497 645 3547 censeo.
666 3478 716 3545 Ex
736 3478 798 3547 hoc
821 3478 909 3546 euim
928 3487 1086 3566 tempore,
1107 3476 1205 3545 tantis
1223 3476 1289 3544 vin-

154 3589 281 3675 tutibus
294 3590 443 3679 illustnis,
461 3590 642 3660 humilitate
656 3590 763 3660 cordis
777 3601 809 3659 et
822 3590 961 3679 puritate
976 3589 1094 3657 mentis
1113 3600 1145 3657 ot
1163 3609 1289 3657 monum
1316 3594 1361 3663 20

154 3703 370 3792 tempemutia
396 3704 599 3795 perspicuus,
625 3722 663 3773 ac
691 3704 850 3792 spirituali
878 3702 981 3791 gratia
1007 3704 1137 3791 plenus,
1166 3712 1288 3771 tantam

155 3816 380 3886 auctoritatem
402 3828 534 3886 sauctus
558 3816 802 3907 Guingualoeus
820 3816 855 3884 iu
875 3816 986 3885 divino
1006 3816 1094 3897 cultu
1113 3828 1146 3885 et
1164 3817 1289 3886 celebre

155 3948 277 3997 nomen
310 3928 411 4021 [Μ.
437 3948 490 4003 aa
518 3936 567 4012 νο]
600 3951 657 4018 pne
685 3929 839 4000 omnibus
866 3928 1039 3998 coaetaneis
1069 3930 1139 4018 ejus
1171 3930 1290 3998 meruit

155 4040 287 4111 habeto.

202 4156 348 4241 Quadam
373 4159 482 4249 itaque
500 4159 565 4247 die,
586 4158 677 4247 dum,
697 4180 737 4229 en
755 4179 846 4229 mone
864 4158 995 4228 levioris
1013 4159 1119 4229 adhuc
1136 4168 1168 4229 et
1185 4158 1288 4228 iusta·
1316 4161 1362 4231 25

156 4270 283 4342 bilioris
315 4274 419 4343 atatis
451 4272 560 4360 solito,
589 4293 680 4343 soror
713 4272 783 4363 ejus
814 4274 922 4361 unica,
948 4273 1113 4343 Chreirbia
1142 4274 1287 4361 nomine,

157 4387 293 4476 parvula
309 4388 416 4458 adhuc
432 4388 552 4477 puella,
577 4408 652 4459 cum
675 4388 750 4459 aliis
771 4386 905 4459 ludebat
925 4388 1055 4479 puellis,
1075 4389 1157 4459 torte
1175 4388 1290 4462 accidit
