3459 5667
431 703 596 786 queretur,
611 704 644 764 et
660 693 711 764 sui
729 715 805 764 eum
823 695 879 786 qui
900 705 1116 784 remanerent,
1132 695 1187 784 qui
1206 692 1275 784 ejus
1290 693 1431 784 jussioni
1450 693 1563 764 deser-

431 810 549 898 virent,
569 810 793 880 incunctanter
811 822 1035 900 sequerentur.

476 923 530 992 Sic
548 922 686 1013 denique
699 925 820 994 iactum
839 936 888 994 est
903 935 940 994 nt
954 944 972 993 a
986 923 1166 1014 grandaevis
1180 923 1375 1011 senioribus,
1392 935 1565 1013 postquam

432 1039 501 1106 haec
522 1039 685 1108 retulisset
707 1040 861 1110 iratribus
885 1041 967 1129 suis,
989 1061 1074 1109 unus
1097 1050 1327 1128 assumeretur,
1348 1047 1381 1108 et
1402 1039 1508 1108 caeteri
1525 1039 1563 1106 in

382 1152 520 1225 5hunc
546 1155 679 1223 modum
706 1166 930 1245 sequerentur,
960 1157 1004 1226 ita
1032 1167 1069 1225 ut
1097 1156 1321 1246 unusquisque
1351 1155 1437 1224 sieut
1469 1164 1563 1223 aetate

432 1268 620 1358 precelleret
633 1269 680 1338 sic
699 1280 732 1338 et
746 1271 966 1359 assumptione
981 1271 1081 1340 electa
1095 1270 1260 1360 gauderet,
1276 1289 1336 1339 nee
1349 1269 1456 1338 minor
1469 1278 1563 1338 aetate

431 1381 586 1470 majorem
611 1382 863 1452 transcenderet.
897 1383 939 1451 Et
965 1383 1019 1452 hic
1049 1384 1127 1453 ordo
1154 1383 1278 1453 tamdiu
1310 1393 1360 1453 est
1386 1383 1420 1450 in
1447 1383 1564 1452 eodem
1686 1466 1687 1469 Ἴ

431 1505 529 1581 [luet.
565 1515 650 1569 m
682 1505 731 1582 νο]
760 1499 959 1568 monasterio
987 1509 1131 1570 servatus
1158 1519 1340 1591 quousque,
1371 1518 1437 1568 non
1466 1498 1563 1586 longo

431 1612 538 1683 adhuc
564 1625 639 1685 ante
666 1616 728 1685 hoe
755 1625 897 1706 tempus,
917 1627 1118 1706 permutatus
1142 1625 1202 1686 est.
1226 1617 1290 1686 Sed
1313 1615 1412 1685 michi
1435 1615 1562 1684 uidetur

361 1727 405 1795 ld
432 1729 504 1799 ideo
532 1738 692 1799 mutatum
721 1730 904 1818 fuissene
933 1731 1094 1820 aliquibus
1121 1731 1367 1820 neglegentibus
1393 1731 1499 1799 adhuc
1526 1727 1563 1796 in

432 1844 551 1914 minori
574 1855 668 1916 aetate
690 1845 819 1935 positis,
840 1847 868 1915 si
891 1848 975 1916 torte
1000 1847 1069 1916 fieri
1095 1856 1216 1936 posset,
1237 1847 1345 1937 aliqua
1370 1845 1494 1916 desidia
1512 1844 1564 1914 rel

433 1959 535 2027 otiosa
554 1961 710 2029 securitas
728 1960 805 2029 inde
828 1971 1027 2030 maseeretur
1050 1990 1057 2029 ι
1079 1961 1167 2030 uerbi
1191 1961 1305 2050 gratia,
1326 1971 1364 2029 ut
1385 1960 1441 2050 qui
1467 1958 1564 2027 modo

434 2071 616 2142 duodennis
643 2085 728 2143 esset
755 2075 806 2143 vel
833 2075 932 2161 ultra,
967 2095 1042 2144 eum
1069 2085 1246 2144 centennes
1273 2075 1323 2144 vel
1352 2074 1431 2143 eitra
1460 2072 1566 2140 adhue

433 2185 539 2257 rivere
558 2188 630 2257 istie
652 2198 810 2276 cerneret,
831 2209 897 2258 non
924 2199 1050 2258 curaret
1073 2188 1114 2258 de
1140 2190 1205 2258 vita
1224 2189 1275 2258 uel
1301 2189 1343 2257 de
1370 2197 1475 2258 morte
1492 2203 1563 2272 sua,

363 2305 406 2373 l5
433 2320 509 2369 cum
537 2302 647 2390 procul
677 2302 776 2370 dubio
805 2303 903 2372 sciret
928 2310 986 2387 [se]
1007 2321 1211 2393 nequaquam
1241 2304 1433 2372 moriturum
1459 2301 1566 2370 donee

433 2413 481 2481 illi
500 2416 677 2485 notissimo
695 2437 754 2506 per
771 2417 919 2486 ordinem
937 2428 1070 2486 ventum
1093 2418 1189 2507 foret,
1211 2418 1362 2488 omnibus
1381 2416 1564 2486 senioribus

432 2530 621 2619 anteceptis.

477 2642 593 2713 Divina
611 2665 687 2734 ergo
710 2643 913 2734 prouidentia
936 2645 1140 2735 disponente,
1160 2665 1232 2735 quae
1254 2646 1332 2716 dicit
1350 2665 1477 2734 semper
1494 2663 1566 2714 esse

432 2759 634 2848 vigilandum
665 2759 741 2849 quia
778 2760 921 2830 incertus
956 2771 989 2830 et
1024 2761 1208 2851 inprovisus
1240 2773 1289 2831 est
1326 2761 1420 2829 nobis
1454 2769 1566 2828 noster

361 2868 407 2937 20
434 2874 551 2960 exitus,
572 2875 634 2942 hoo
657 2876 833 2962 permutari
856 2874 961 2962 licuit,
982 2875 1058 2964 quia
1082 2876 1109 2944 si
1134 2877 1196 2944 hoc
1218 2876 1318 2943 lixum
1342 2895 1469 2964 semper
1491 2894 1565 2962 per-

433 2998 589 3076 maneret,
606 2989 657 3057 rel
676 3010 716 3057 er
734 2991 797 3058 hoc
815 2991 885 3058 solo
905 2990 1048 3059 subverti
1065 2990 1223 3079 potuisset
1236 2991 1298 3058 hoe
1316 2989 1560 3058 monasterium.

434 3101 535 3192 [rol.
560 3101 658 3193 ua]
677 3103 775 3172 aliud
794 3105 882 3173 enim
902 3105 1018 3193 aliquis
1036 3115 1165 3194 tempus
1188 3104 1344 3193 voluptati
1363 3113 1459 3193 atque
1477 3102 1565 3171 aliud

433 3218 632 3305 poenitentiae
651 3229 825 3308 coaptaret.
846 3220 941 3288 Nunc
963 3239 1053 3310 ergo,
1074 3240 1147 3288 eum
1171 3213 1237 3288 tam
1261 3219 1389 3308 juvenis
1415 3220 1465 3288 vel
1487 3217 1564 3286 ado-

362 3382 365 3391 ·
434 3335 560 3403 lescens
579 3333 648 3402 siue
671 3352 751 3423 puer
774 3342 831 3402 aut
854 3333 951 3402 etiam
975 3333 1083 3402 omnis
1107 3343 1185 3403 aetas
1209 3333 1412 3402 securitatem
1436 3330 1565 3400 devita

362 3447 407 3516 25
433 3455 500 3516 tum
530 3448 640 3538 longa,
667 3449 753 3519 sicut
778 3449 917 3540 antiqui,
943 3471 1008 3518 non
1036 3449 1155 3519 habere
1180 3449 1370 3536 dinoscitur,
1390 3467 1504 3517 omnes
1530 3465 1565 3516 se

434 3562 581 3631 certatim
606 3561 648 3630 ad
675 3563 819 3633 laborem
846 3564 1003 3652 excitent;
1039 3584 1152 3633 omnes
1177 3565 1246 3654 jam
1274 3584 1410 3653 regnum
1439 3562 1565 3631 caeleste

433 3676 617 3745 desiderent
644 3664 768 3764 videre,
796 3688 829 3747 et
856 3677 943 3767 quod
967 3699 1061 3747 senes
1085 3678 1195 3766 magni
1220 3677 1343 3746 tamdiu
1366 3677 1487 3746 differri
1506 3677 1564 3744 lle·

432 3790 523 3878 bant,
550 3791 612 3858 hoc
640 3791 736 3859 etiam
765 3791 862 3860 modo
892 3791 1044 3860 studeant
1067 3791 1205 3879 juvenes
1233 3800 1266 3859 et
1289 3791 1427 3879 parvuli.
1449 3789 1569 3859 Omnia

433 3904 529 3992 hujus
548 3903 661 3972 muudi
681 3923 763 3973 vana
782 3918 880 3994 atque
899 3905 1018 3975 caduca
1037 3905 1131 3994 quasi
1150 3905 1285 3973 latibula
1304 3905 1489 3994 serpentina
1507 3904 1565 3973 de-

363 4018 408 4087 30
433 4020 548 4107 vitent,
569 4020 655 4090 diem
674 4022 788 4091 mortis
810 4044 878 4091 suae
897 4032 972 4091 ante
995 4023 1107 4092 oculos
1131 4043 1257 4112 semper
1275 4031 1469 4111 proponant,
1490 4042 1564 4090 curn

433 4145 508 4204 ante
535 4135 677 4204 tribuual
704 4136 825 4206 Christi
854 4137 1001 4206 steterint
1028 4156 1157 4207 narrare
1185 4137 1388 4226 omniaque
1416 4137 1561 4225 fecerint,

432 4248 487 4318 ubi
507 4248 607 4318 nichil
626 4258 674 4318 est
694 4249 931 4320 absconditum.
953 4251 1122 4334 Quomodo
1147 4252 1215 4322 illie
1238 4260 1294 4321 aut
1321 4251 1401 4341 quid
1424 4250 1563 4319 dixerint
