3459 5667
595 1052 793 1161 VITA

274 1348 602 1499 soboli
679 1350 1116 1499 llllUNllTl

202 1578 205 1585 .
388 1693 1000 1843 carlummannum

591 1982 801 2009 ..we-

179 2279 282 2371 [For.
299 2292 388 2349 m
407 2278 462 2368 vo]
478 2277 567 2347 Beati
584 2275 723 2347 ldiuneti
741 2277 934 2347 contessoris
947 2276 1046 2347 uitam
1060 2278 1252 2367 scripturus,

136 2405 209 2486 peto
228 2393 345 2463 babere
363 2392 605 2482 suffragatorem
626 2412 722 2482 quem
746 2392 870 2481 ipsein
894 2412 930 2461 se
956 2392 1067 2461 babuit
1094 2393 1253 2463 babitato·

136 2530 216 2580 rom.
251 2508 288 2576 ln
320 2506 493 2576 Britanniae
523 2505 668 2597 partibus
699 2494 796 2575 batus
827 2506 932 2575 extitit
963 2507 1130 2577 ldiunetus
1165 2520 1254 2598 patre

137 2622 338 2694 nobilissimo
366 2632 399 2691 et
428 2633 555 2708 matre‚.
571 2621 717 2691 eruditus
743 2621 927 2691 liberalibus
953 2621 1069 2691 studiis
1095 2622 1129 2691 in
1157 2623 1254 2692 domo

137 2739 237 2829 patris
255 2737 305 2808 sui
325 2737 484 2827 usquead
502 2737 608 2805 llV¹¹¹²¹n
626 2755 759 2805 annum.
775 2736 902 2809 Mortuo
920 2747 1027 2806 autem
1041 2747 1130 2827 patre
1142 2738 1252 2824 Eubo,
1304 2723 1326 2792 5

137 2864 240 2923 mater
262 2852 344 2921 Eula
366 2850 407 2921 ad
429 2852 531 2921 sancti
550 2851 728 2938 samsonis
753 2850 892 2940 episcopi
922 2851 1083 2939 bolensis,
1110 2852 1254 2941 confugit

137 2970 326 3061 presidium,
346 2978 378 3037 et
402 2978 439 3038 ut
461 2987 531 3037 eam
555 2986 645 3037 sacro
667 2966 826 3037 velamine
848 2978 1049 3037 consecraret
1066 2968 1251 3058 postulavit.

137 3084 333 3170 Qui-etiam,
353 3083 511 3153 uoluntati
534 3082 744 3173 petitionique
767 3099 935 3151 assensum
958 3082 1107 3171 prebens
1128 3094 1160 3153 et
1182 3102 1253 3153 eam

136 3202 203 3270 Deo
222 3198 340 3268 dicauit
357 3207 389 3267 et
412 3198 513 3267 filium
531 3218 626 3267 suum
650 3197 832 3267 ldiunetum
855 3212 980 3265 mmanr
1002 3196 1114 3286 capitis
1137 3198 1254 3267 radens

137 3314 309 3385 clericavit.
325 3314 442 3384 Mansit
460 3324 567 3383 autem
583 3314 697 3383 beatus
715 3313 881 3382 ldiunetus
894 3333 968 3382 cum
987 3313 1083 3392 boato,
1100 3314 1255 3385 Samsone
1283 3298 1327 3368 10

35 3432 37 3509 ὲ
137 3431 287 3520 episcopo
305 3427 497 3520 quibusdam
515 3427 642 3514 diebus,
663 3427 806 3497 servieus
824 3426 853 3496 ei
872 3437 966 3497 nocte
983 3426 1025 3495 ad
1043 3427 1106 3497 die.

35 3528 37 3533 ¹
179 3544 214 3613 2.
242 3543 387 3627 Quadam
411 3552 518 3613 autem
545 3543 610 3629 die,
640 3542 718 3612 dum
744 3542 856 3612 beatus
884 3543 1062 3613 Samsonus
1087 3544 1255 3635 episcopus

138 3657 325 3729 sacerdotali
344 3658 528 3747 fungeretur
541 3656 645 3725 officio
663 3666 696 3725 et
714 3658 891 3727 Baumerus
909 3657 1064 3728 diaconus
1081 3658 1253 3729 lectionem

137 3772 303 3864 Evangelii
326 3773 483 3861 recitaret,
507 3771 628 3842 audivit
651 3772 817 3842 ldiunetus
844 3779 941 3857 [Μ.
965 3780 1059 3857 m]
1084 3774 1180 3843 uerba
1203 3774 1253 3842 ‹li-

138 3889 241 3959 centis
261 3887 390 3957 Domini
412 3914 420 3957 :
445 3888 543 3972 «Qui
568 3908 634 3958 non
657 3888 819 3958 renuntiat
841 3889 992 3959 omnibus
1014 3910 1086 3980 quae
1110 3889 1254 3980 possidet
1283 3888 1325 3959 15

137 4024 204 4073 uon
237 4012 342 4095 potest
369 4023 461 4073 meus
492 4024 562 4073 esse
592 4004 778 4094 discipulus.
796 4011 831 4065 'u
861 4005 929 4073 Hac
958 4024 1037 4074 roce
1066 4005 1253 4094 compulsus

140 4128 254 4190 cuncta
272 4118 401 4209 reliquit
418 4129 451 4188 et
471 4119 519 4188 ad.
536 4129 683 4191 sanctum
706 4117 911 4190 Similianum
929 4118 1074 4189 abbatem
1094 4120 1251 4209 peruenit,

139 4238 416 4329 monachilemque
432 4238 577 4308 habitum
600 4238 640 4308 de
665 4256 763 4307 manu
788 4237 857 4328 ejus
882 4240 1003 4328 accepit
1029 4247 1061 4308 ct
1087 4238 1147 4307 sub
1174 4239 1254 4328 jugo

137 4354 272 4431 Domini
285 4354 446 4424 >ceruicem
470 4332 761 4441 suam'inclinauit,
777 4352 819 4421 iu
843 4352 1037 4424 monasterio
1057 4352 1143 4443 quod
1167 4353 1254 4421 Tau-

143 4488 238 4541 racus
262 4479 475 4560 nuncupatur.
504 4471 540 4541 ln
567 4468 678 4541 eodem
706 4488 845 4560 namque
871 4468 1065 4540 monasterio
1090 4467 1252 4539 habitabat
1279 4464 1324 4535 20
