3459 5667
645 594 818 664 „67-

167 749 264 800 causa
283 731 452 820 ingruerit.
473 733 514 800 Et
537 733 564 801 si
589 743 696 802 tamen
723 733 831 822 aliqua
856 730 1059 801 conturbatio
1085 739 1160 798 nata
1186 730 1295 816 luerit,

166 864 234 915 non
262 845 369 914 solum
396 845 554 935 janitores
582 845 760 916 sedetiam
793 867 919 932 omnes,
953 856 1084 934 excepto
1116 864 1190 934 rege
1221 864 1297 912 cnm

167 959 382 1044 curatoribus,
406 959 462 1027 ubi
486 959 628 1028 sonitum
655 961 790 1029 buccine
817 959 997 1049 clangentis
1023 958 1197 1042 audierint,
1221 977 1299 1026 mor

167 1073 340 1161 pugnaturi
360 1092 378 1140 e
399 1072 516 1140 castris
537 1073 757 1163 egrediuntur.
779 1075 895 1142 Pacem
918 1093 985 1140 non
1004 1071 1083 1139 dant
1105 1091 1165 1139 nee
1188 1078 1299 1138 amant

167 1187 300 1273 falsam,
321 1207 394 1255 cum
415 1205 488 1276 pax,
509 1206 572 1276 pax
590 1187 649 1275 sit,
670 1208 744 1256 cum
765 1187 886 1256 bellum
906 1186 1026 1255 bellum
1047 1186 1100 1253 sit.
1349 1185 1371 1254 5

212 1303 266 1371 Sic
297 1323 363 1371 uon
394 1303 607 1392 inaequaliter,
641 1325 715 1373 cum
748 1303 928 1392 predictum
961 1303 1145 1371 tenuissent
1176 1302 1297 1388 locum,

168 1437 282 1487 omnes
308 1418 350 1486 ad
369 1417 510 1487 laborem
539 1419 800 1490 amantissimum
823 1419 994 1508 prodeunt,
1021 1419 1087 1486 Deo
1110 1427 1143 1485 et
1165 1417 1236 1485 loeo
1259 1415 1300 1484 ad

168 1550 265 1618 quem
288 1540 443 1599 uenerant
474 1531 624 1619 inprimis
650 1532 831 1619 benedicto,
860 1532 895 1599 in
923 1551 1020 1600 omne
1052 1537 1110 1615 [n,
1134 1542 1207 1600 rot.
1227 1527 1299 1622 do]

170 1668 251 1736 opus
273 1647 500 1717 monasteriale
519 1648 641 1738 partiti.
662 1651 744 1718 Nam
769 1649 902 1738 quidam
926 1670 1000 1718 curn
1024 1647 1159 1717 sarculis
1181 1657 1300 1715 terram

170 1764 391 1855 proscindere,
407 1766 539 1856 quidam
557 1788 632 1835 eum
651 1769 819 1837 securibus
833 1768 921 1857 ligna
934 1766 1104 1836 concidere
1122 1774 1154 1833 et
1173 1763 1299 1832 dolato·
1329 1757 1375 1828 to

169 1878 227 1947 riis
248 1878 396 1968 planare3
421 1880 474 1947 alii
502 1898 618 1968 aquam
646 1900 665 1949 a
693 1883 789 1970 longe
814 1891 978 1970 asportare
1000 1879 1083 1968 jussi
1110 1888 1200 1963 sunt,
1222 1876 1300 1966 quia

169 1995 348 2083 inaquosus
371 2002 403 2062 et
421 2013 579 2063 arenosus
604 2003 672 2063 erat
690 1996 795 2076 locus,
816 1995 891 2062 lieet
910 2001 1017 2082 preter
1035 1992 1097 2059 hoc
1115 1988 1300 2058 amoenissi·

104 2144 108 2153 ,
169 2128 256 2176 mus.
278 2108 336 2176 llle
354 2117 462 2176 autem
481 2109 572 2176 solus
591 2100 728 2176 orationi
747 2108 891 2176 uacabat.
912 2107 993 2175 Nam
1013 2104 1099 2174 idem
1122 2123 1204 2191 opus
1229 2102 1301 2190 ejus

170 2219 458 2289 lamiliarissimum
477 2230 546 2289 erat
569 2221 602 2289 in
626 2221 736 2291 divine
753 2241 880 2311 semper
898 2221 980 2312 legis
998 2219 1208 2289 meditatione
1227 2235 1299 2287 ora-

169 2331 252 2400 tioni
271 2351 395 2403 uacare.
1329 2327 1374 2400 15

616 2554 764 2630 CAPUT
796 2555 860 2629 Vll

559 2797 608 2861 Dc
634 2815 726 2879 aqum
748 2796 905 2878 petitione.

215 3031 299 3097 Dum
325 3036 434 3096 antem
457 3029 596 3117 quadam
620 3029 684 3116 die,
710 3038 839 3118 propter
866 3047 958 3117 aquae
975 3028 1243 3117 longinquitatem
1268 3039 1300 3097 et

171 3164 237 3212 uon
267 3143 372 3212 solum
402 3152 532 3232 propter
562 3143 624 3211 iter
655 3154 719 3212 tam
752 3145 886 3232 longum
916 3161 1012 3231 quam
1044 3143 1141 3210 etiarn
1171 3153 1300 3231 propter

170 3277 338 3328 excessum
368 3276 387 3325 a
412 3258 561 3325 claustris
581 3257 766 3326 monasterii
791 3268 856 3324 tarn
877 3267 1057 3344 separatum
1077 3255 1212 3345 fatigati,
1233 3277 1299 3338 emf

171 3370 293 3457 pissent
319 3372 411 3439 illum
440 3393 565 3462 rogare,
597 3375 743 3442 consulte
766 3373 936 3441 constituit
962 3373 1009 3440 eis
1034 3380 1071 3438 ut
1093 3373 1133 3440 ad
1157 3371 1300 3460 predicta

171 3504 268 3572 opera
284 3486 573 3574 proficiscerentur.
590 3488 646 3570 At,
668 3487 733 3554 illis
749 3487 850 3576 jussis
870 3487 940 3575 ejus
958 3487 1195 3569 obedientibus,
1211 3485 1300 3566 solus
1327 3479 1380 3563 205

171 3598 205 3665 in
224 3599 364 3667 claustro
388 3599 520 3668 relictus
543 3610 604 3668 est.
627 3600 712 3681 Quid
731 3600 829 3687 igitur
847 3601 976 3689 ageret?
994 3601 1088 3686 Nam,
1110 3601 1262 3668 omnibus
1281 3619 1305 3668 a

171 3732 207 3781 se
228 3713 480 3801 discedentibus,
502 3714 687 3803 expandens
712 3736 746 3783 se
770 3716 803 3782 in
822 3715 982 3800 oratione,
1004 3714 1120 3783 stando
1146 3714 1299 3802 depreca-

171 3826 266 3894 batur
293 3826 433 3894 dieens:
461 3854 474 3887 r
502 3827 639 3895 Domine
666 3828 767 3895 Jbesu
792 3828 931 3914 Christe,
959 3828 1014 3917 qui
1041 3827 1159 3895 siccam
1188 3847 1300 3915 rupem

170 3937 345 4027 producere
370 3957 484 4027 aquam
511 3939 632 4007 sitienti
659 3939 778 4028 populo
806 3949 862 4008 tuo
880 3940 915 4006 in
935 3940 1065 4007 heremo
1085 3939 1215 4026 largiter
1229 3939 1302 4027 jus-

171 4052 255 4140 sisti,
285 4053 378 4140 cujus
405 4071 522 4141 aquam
547 4053 603 4141 qui
629 4052 745 4120 biberit
763 4052 817 4121 fret
839 4053 874 4120 in
893 4073 932 4120 eo
951 4053 1025 4120 sons
1044 4071 1136 4141 aquae
1155 4051 1301 4120 salientis
1328 4045 1374 4114 25

169 4167 205 4234 in
224 4168 323 4235 uitam
341 4178 493 4236 aeternam
513 4177 545 4236 et
566 4166 607 4236 de
623 4179 737 4237 ventre
760 4169 830 4258 ejus
849 4170 952 4238 fluent
974 4187 1065 4257 aquae
1085 4168 1173 4255 rive,
1195 4168 1250 4256 qui
1270 4178 1303 4236 et

169 4278 241 4368 ipse
262 4283 336 4350 fons
358 4282 432 4350 vitae
451 4302 498 4369 es,
518 4281 674 4370 digneris,
697 4283 763 4368 [lm
785 4291 858 4349 rot.
881 4297 938 4350 co
959 4279 1012 4371 νο]
1033 4301 1154 4370 quaeso,
1176 4291 1208 4350 et
1226 4281 1302 4348 huic

171 4394 361 4482 parvissimo
386 4395 618 4464 monachornm
642 4395 731 4483 gregi
755 4393 879 4484 aperire
901 4403 934 4462 et
957 4394 1033 4464 dare
1052 4395 1175 4464 fontem
1193 4412 1299 4484 aquae,
