3459 5667
936 621 1113 690 apg...

710 920 848 1007 Empicto
865 924 1018 1008 corotico,
1038 922 1075 988 dc
1091 940 1188 1006 proso
1206 920 1327 1007 incipit.

390 1210 408 1264 7-
464 1154 467 1159 ’
501 1166 569 1237 Hos
595 1176 702 1237 autem
729 1148 919 1255 uersiculos,
946 1166 1021 1237 iicet
1045 1186 1113 1237 non
1140 1161 1255 1239 eodonn'
1279 1177 1383 1239 metro
1405 1188 1471 1258 qun
1493 1167 1586 1239 cudi·

455 1286 530 1351 m'us
558 1270 615 1351 sed
646 1281 785 1372 quadam
818 1282 911 1351 metri
939 1282 1163 1367 similitudine,
1193 1282 1307 1352 eodem
1334 1292 1443 1352 tamen
1470 1302 1584 1370 sensu,

456 1384 553 1479 [nol.
576 1414 629 1466 uu
653 1402 700 1481 νο]
722 1396 872 1467 rithmioo
895 1398 1078 1487 gradientes
1096 1397 1267 1467 conamine
1289 1398 1478 1489 descriptos,
1503 1416 1583 1466 con·

454 1507 603 1600 discipuli
623 1511 693 1599 ejus
711 1512 915 1602 frequentare
934 1510 1021 1582 soliti
1041 1521 1274 1581 memorantur.

878 1863 1052 1938 canon
1088 1862 1169 1937 xri
1216 1840 1217 1843 ‘

540 2116 586 2182 Dc
604 2115 670 2198 ojus
688 2116 863 2181 ocrccuudo
883 2117 1058 2181 bumilitate
1075 2124 1104 2181 ct
1122 2117 1268 2199 magistri
1285 2119 1497 2185 consolatorio

894 2230 1144 2295 commonitione.

405 2482 428 2553 5
499 2473 557 2542 lite
574 2481 681 2541 autem
701 2472 793 2541 vaide
812 2492 989 2542 concussus
1012 2481 1045 2541 ct
1066 2472 1240 2561 prohibens
1264 2492 1284 2541 a
1307 2471 1426 2542 talibus
1446 2472 1584 2560 adorari,

456 2589 595 2656 muitum
614 2588 786 2677 deplorans
809 2587 980 2676 indignum
1004 2607 1040 2655 se
1062 2586 1159 2675 hujus
1185 2587 1331 2657 muneris
1356 2608 1428 2657 esse
1446 2588 1584 2674 dicebat,

388 2792 392 2801 Ι
455 2722 493 2771 ao
516 2722 558 2770 ue
581 2722 641 2770 suo
665 2700 722 2769 sed
746 2721 858 2769 eorum
881 2699 985 2789 magis
1007 2718 1072 2768 una
1095 2720 1170 2769 cnm
1197 2700 1342 2790 magistri
1368 2701 1482 2770 merito
1501 2702 1585 2771 banc

418 2846 421 2851 Α
455 2836 583 2905 quoque
602 2814 767 2899 virtutem,
788 2814 862 2883 licet
884 2813 1049 2901 perillum
1068 2813 1343 2901 ostensaiuisset,
1363 2814 1586 2883 adscriberent

456 2931 584 3015 iactam,
603 2927 711 2997 cordis
730 2927 841 2995 dolore
860 2946 1065 3015 compressus
1088 2926 1188 2995 nimis
1210 2927 1353 3017 rogabat.
1376 2928 1528 3017 Magister
1544 2926 1585 2995 ad

384 3050 428 3122 10
455 3044 524 3112 baec
551 3042 723 3111 continens
750 3040 857 3125 ilium,
886 3060 928 3109 ne
955 3040 1094 3108 nimium
1122 3040 1190 3129 ejus
1213 3041 1429 3111 inflecteretur
1456 3040 1585 3109 animus

457 3159 553 3245 (saepe
572 3155 659 3223 euim
684 3153 843 3242 contingit
862 3161 898 3221 ut
924 3174 996 3241 quae
1020 3162 1151 3241 putatur
1169 3154 1271 3223 virtus
1289 3154 1482 3223 humilitatis
1500 3174 1583 3242 esse,

456 3270 484 3339 si
504 3269 643 3336 muitum
663 3267 705 3335 sit
718 3266 867 3351 remissa,
884 3276 1088 3334 convertatur
1103 3267 1135 3333 in
1150 3266 1265 3334 vitium
1279 3268 1408 3357 teporis)
1427 3297 1435 3336 ι
1456 3295 1470 3329 u
1488 3265 1584 3350 Cave,

388 3419 390 3425 ‚
422 3422 426 3429 -
456 3383 575 3467 aiebat,
594 3381 653 3466 titi,
673 3400 714 3449 ne
733 3380 898 3450 lucernam
917 3398 1013 3469 quam
1037 3380 1123 3449 Deus
1142 3380 1210 3469 ipse
1234 3379 1380 3449 accendit
1399 3382 1585 3471 extinguere

456 3496 582 3581 nitaris,
603 3514 678 3563 cave
698 3514 739 3562 ne
757 3494 870 3566 talenti
895 3492 1112 3584 unius[1³ui.
1134 3500 1201 3577 u]
1222 3495 1314 3584 quasi
1338 3514 1454 3564 avarus
1473 3513 1582 3563 serva·

385 3619 428 3689 15
457 3623 507 3681 tor
525 3609 709 3697 dampneris
726 3617 758 3675 et
782 3628 824 3676 ne
847 3608 932 3676 dona
960 3608 1018 3675 Dei
1042 3628 1114 3696 quae
1131 3607 1190 3675 tibi
1209 3608 1330 3696 aptavit
1348 3608 1459 3677 baberi
1482 3616 1582 3699 grata,

455 3726 548 3819 quasi
568 3742 776 3814 supervacua,
798 3724 991 3813 quandoque
1008 3743 1082 3791 cum
1102 3723 1226 3792 soenorc
1249 3724 1419 3813 exigenda,
1439 3734 1583 3794 contem-

456 3864 528 3915 nas.
554 3872 566 3905 u

384 3934 390 3993 3
423 3990 426 3995 Α
499 3957 612 4026 Tantis
631 3936 830 4046 igitur-nunc
842 3954 972 4025 blandis
986 3954 1144 4025 contineri
1159 3955 1379 4041 sermonibus,
1395 3974 1483 4025 nunc
1496 3953 1587 4022 duris

456 4069 611 4139 divinitus
628 4070 830 4160 ‘increpando
849 4071 904 4140 vix
925 4073 1030 4162 potuit
1053 4072 1212 4161 compesci
1232 4072 1421 4157 terroribus,
1441 4072 1510 4139 baeo
1539 4067 1585 4137 ilii

384 4194 430 4265 20
457 4184 577 4272 saepius
604 4187 859 4255 ammonendo:
889 4186 994 4270 cQui
1023 4196 1182 4256 terrenam
1210 4186 1424 4255 substantiam
1450 4182 1587 4273 accepit,

457 4297 633 4387 indigentis
652 4300 788 4387 proximi
807 4300 952 4391 inopiam
970 4302 1129 4371 sublevet.
1145 4300 1209 4384 Qui
1228 4300 1383 4369 doctrinae
1400 4298 1501 4389 gratia
1519 4297 1588 4385 ple-

457 4432 521 4481 nus
539 4422 603 4499 est,
623 4412 801 4501 ignorantis
821 4415 957 4503 proximi
977 4416 1126 4485 tenebras
1148 4414 1247 4485 verbo
1271 4434 1339 4484 suae
1358 4410 1587 4504 predicationis
