3459 5667
887 553 1063 636 ..70-

410 725 538 790 narum,
558 713 595 772 ut
617 704 667 772 rel
687 712 777 771 metu
798 704 956 772 incuteret
975 705 1081 773 virum
1099 705 1169 772 Dei.
1193 703 1335 772 Tandem
1355 723 1443 790 vero,
1463 724 1535 772 cum

408 821 478 887 baec
492 816 650 886 horrenda
663 818 753 885 nullo
769 817 865 885 modo
880 839 1013 886 sensum
1028 819 1112 887 servi
1126 818 1184 887 Dei
1198 818 1238 886 ab
1252 819 1409 886 orationis
1424 819 1534 886 inton-

410 934 499 1002 tione
518 943 643 1001 mutare
653 945 817 1019 cerneret,
835 933 868 1000 in
884 925 980 1002 verba
999 934 1258 1003 sussannationis
1271 945 1302 1001 et
1320 934 1537 1002 conviciorum

409 1059 477 1117 tam
501 1047 701 1132 detestanda,
727 1068 800 1136 quae
817 1068 883 1115 non
904 1047 978 1115 licet
998 1049 1173 1115 christiana
1192 1039 1537 1136 eloquentia'pronun-

362 1174 385 1243 5
411 1164 501 1248 ciali,
528 1161 675 1251 proruit,
692 1162 768 1229 Haec
791 1161 901 1250 itaque
924 1173 990 1229 tam
1014 1163 1178 1251 propbana
1201 1182 1258 1248 per
1283 1171 1384 1230 totam
1411 1170 1537 1230 noctem

410 1276 524 1347 videns
543 1286 576 1345 et
594 1276 741 1361 audiens,
763 1285 896 1344 sanctus
915 1276 1054 1364 denique
1074 1275 1240 1365 respondit
1259 1276 1370 1344 dicens
1391 1302 1399 1343 ι

458 1417 473 1449 r
491 1390 517 1458 0
537 1388 683 1474 demens,
699 1387 845 1476 profane,
860 1409 919 1456 cur
938 1390 1006 1456 baec
1024 1399 1188 1456 tumvana
1203 1388 1331 1476 jactitas
1349 1396 1462 1456 contra
1475 1385 1538 1454 rui·

402 1504 484 1572 lites
498 1502 639 1572 Christi?
657 1502 709 1568 An
727 1511 759 1570 te
777 1503 855 1570 latet
874 1503 960 1591 quod
979 1513 1131 1591 perpetua
1150 1503 1235 1592 ignis
1250 1503 1361 1571 aeterni
1381 1512 1540 1570 tormenta

402 1627 443 1685 te
462 1626 595 1684 manent
618 1636 691 1683 oum
710 1615 875 1683 sodalibus
893 1615 979 1682 tuis?
997 1616 1152 1698 Quamvis
1171 1616 1258 1684 enim
1277 1616 1374 1684 modo
1392 1615 1538 1704 quaedam

342 1741 386 1810 10
401 1730 521 1820 ‚gravia
543 1730 611 1819 jam
639 1729 794 1816 sustines,
819 1730 943 1819 majora
968 1739 1076 1798 tamen
1098 1729 1274 1798 sustinebis
1297 1751 1370 1797 curn
1393 1728 1541 1798 Christus

404 1841 607 1932 apparuerit,
628 1841 694 1910 vita
712 1851 745 1908 et
768 1842 879 1930 legiler
903 1852 1023 1910 noster.
1046 1843 1089 1910 At
1113 1862 1174 1910 nos
1194 1841 1338 1910 coronati
1364 1841 1428 1908 laeti
1451 1841 1540 1910 ince-

329 1993 333 2001 ·
401 1958 527 2029 ‚demus
557 1956 591 2023 in
621 1966 795 2044 conspectu
827 1957 971 2042 Domini,
1004 1977 1078 2024 oum
1107 1966 1155 2042 tu,
1190 1956 1313 2045 perdite
1344 1955 1483 2045 pessime
1510 1963 1543 2022 et

412 2067 587 2161 perdendo,
613 2069 734 2156 ejectus
757 2079 790 2136 et
811 2079 1005 2159 protractus,
1034 2089 1107 2137 cum
1130 2047 1283 2138 omnibus
1306 2069 1459 2138 membris
1477 2067 1543 2135 tuis

413 2185 611 2270 debilitatus,
637 2184 841 2252 damnandus
866 2195 1019 2274 perpetue
1043 2185 1182 2253 mittaris
1209 2187 1243 2252 in
1271 2185 1469 2275 profundum
1492 2184 1545 2250 in·
1591 2159 1598 2177 ²

343 2306 387 2377 15
406 2297 508 2365 terni.
528 2293 708 2364 Recordare
727 2295 909 2383 sententiae,
931 2315 994 2385 qua
1020 2317 1094 2365 curn
1120 2298 1275 2386 obprobio
1302 2298 1407 2366 victus
1433 2305 1465 2364 et
1484 2297 1545 2366 sub

405 2410 550 2501 ,pedibus
568 2409 715 2477 omnium
734 2429 817 2498 quos
839 2418 876 2476 tu
899 2420 1043 2478 avertere
1061 2410 1154 2478 nisus
1177 2411 1284 2479 fueras
1304 2410 1476 2479 calcandus
1493 2409 1545 2476 in-

413 2525 538 2606 teribiS,
555 2545 595 2593 ex
614 2545 669 2593 ore
682 2526 845 2613 prophetae
860 2526 1084 2612 exprobrantis
1099 2535 1131 2594 et
1145 2527 1374 2594 comminantis
1389 2525 1546 2614 superbiae

414 2649 448 2707 et
460 2640 612 2728 nequitia
629 2650 692 2708 tuae
711 2639 855 2728 prolatae,
870 2639 932 2706 hoc
946 2639 1042 2708 modo
1056 2639 1218 2708 dicentis:
1238 2669 1252 2701 n
1271 2641 1420 2708 Detracta
1436 2649 1488 2708 est
1505 2639 1546 2707 ad

415 2753 536 2821 inferos
555 2729 705 2840 superbia
723 2761 796 2836 tua3
821 2751 963 2820 concidit
986 2753 1120 2820 cadaver
1144 2764 1255 2838 tuum;
1282 2754 1392 2821 subter
1410 2763 1442 2820 te
1464 2761 1545 2821 ster·

343 2872 390 2942 20
416 2879 512 2950 netur
540 2877 599 2954 [8‚
622 2882 695 2939 rot.
719 2886 775 2939 us
802 2874 853 2951 vr]
879 2870 978 2956 tinea,
1008 2879 1041 2937 et
1068 2870 1304 2958 operimentum
1332 2879 1424 2938 tuum
1453 2878 1547 2938 erunt

416 3004 554 3052 uermes.
576 2982 744 3064 Quomodo
767 2981 911 3049 cecidisti
936 2982 975 3049 de
999 2981 1090 3066 caelo,
1111 2983 1250 3067 Lucifer,
1274 2982 1330 3071 qui
1349 3001 1445 3050 mano
1463 2983 1546 3050 orie-

416 3095 525 3163 baris?
544 3096 700 3164 Corruisti
720 3097 753 3165 in
772 3105 889 3164 terram
908 3097 964 3186 qui
983 3098 1174 3166 vulnerabas
1197 3108 1322 3187 gentes,
1344 3097 1399 3186 qui
1419 3097 1547 3166 dicebas

418 3208 453 3275 in
473 3210 569 3278 corde
587 3219 643 3278 tuo
660 3236 668 3277 ε
684 3210 722 3277 ln
742 3208 853 3277 caelum
869 3191 1098 3295 conscendam,
1115 3231 1210 3298 super
1225 3221 1311 3278 astra
1325 3211 1383 3279 Dei
1402 3212 1546 3279 exaltabo

419 3324 536 3392 solium
551 3346 675 3412 meum,
698 3325 817 3394 sedebo
831 3325 865 3393 in
885 3336 996 3394 monte
1015 3327 1214 3412 testamenti,
1230 3326 1264 3394 in
1278 3327 1433 3397 lateribus
1445 3327 1546 3415 Aqui·

346 3438 392 3508 25
419 3439 523 3526 lonis,
544 3439 716 3507 ascendam
735 3460 833 3528 super
851 3439 1055 3508 altitudinem
1075 3440 1223 3526 nubium,
1238 3440 1355 3508 similis
1372 3461 1427 3508 ero
1445 3439 1547 3508 Altis-

419 3553 515 3621 simo.
527 3554 755 3624 Verumtamen
765 3554 805 3622 ad
816 3555 981 3623 infernum
994 3555 1173 3624 detraheris
1185 3556 1219 3622 in
1234 3555 1430 3644 profundum
1444 3555 1543 3623 laci.»

342 3691 348 3709 ί
418 3669 460 3737 Et
475 3668 656 3757 paulopost
672 3697 680 3737 ι
701 3697 716 3730 r
731 3669 854 3738 Omnes
869 3691 961 3758 reges
976 3671 1279 3758 gentium-uniuersi
1299 3670 1501 3739 dormierunt
1512 3669 1546 3737 in

414 3781 538 3869 gloria,
559 3783 608 3850 vir
625 3783 660 3849 in
679 3783 775 3851 domo
792 3801 863 3851 sua.
885 3783 932 3851 Tu
956 3793 1065 3852 autern
1088 3783 1250 3872 projectus
1272 3805 1307 3853 es
1332 3783 1372 3853 de
1400 3784 1547 3872 sepulcro

419 3903 489 3982 tuo,
510 3895 603 3984 quasi
621 3896 719 3983 stirps
741 3896 867 3964 inutilis
891 3896 1032 3984 pollutus
1050 3907 1082 3965 et
1100 3897 1284 3966 obvolutus.
1305 3897 1370 3979 Qui
1388 3897 1547 3965 interlecti

350 4014 395 4084 30
421 4021 499 4080 sunt
530 4010 636 4099 gladio
667 4019 700 4078 et
733 4010 971 4078 descenderunt
1002 4009 1042 4078 ad
1072 4010 1282 4078 fundamenta
1313 4009 1374 4078 laci
1409 4038 1417 4077 ι
1456 4008 1547 4098 quasi

420 4123 554 4191 cadaver
573 4122 749 4210 putridum,
771 4143 837 4190 non
857 4122 991 4190 babebis
1014 4123 1211 4190 consortium
1231 4142 1336 4210 neque
1354 4141 1427 4190 cum
1448 4121 1547 4202 eisin

345 4261 349 4271 ’
422 4236 599 4325 sepultura.
629 4236 677 4304 Tu
702 4235 790 4304 enim
817 4246 936 4304 terram
958 4235 1192 4324 disperdidisti,
1218 4245 1253 4304 tu
1282 4235 1437 4324 populum
1463 4235 1547 4304 occi-

417 4351 517 4440 disti,
532 4371 599 4420 non
611 4350 776 4421 vocabitur
789 4351 825 4418 in
839 4360 995 4420 aeternum
1009 4369 1119 4420 semen
1133 4350 1341 4440 perditorum.
1354 4377 1368 4411 ι)
1380 4387 1424 4400 -
1433 4349 1547 4418 Nonne
