3459 5667
613 575 790 648 —6l—

124 726 339 805 nuncupatur
371 737 446 785 cum
479 718 673 807 supradictis
700 717 873 788 comitibus
901 734 1053 805 prospere
1083 714 1263 803 hospitatus

122 842 183 898 est
198 859 208 898 ι
223 831 326 916 locus,
347 830 494 920 inquam,
508 833 716 921 asperrimus,
732 833 772 901 ad
791 851 921 900 omnem
936 839 1068 898 ventum
1083 839 1261 917 porrectus,

123 944 214 1012 mari
232 943 375 1033 undique
388 965 472 1034 pene
486 955 518 1014 et
535 946 638 1015 acutis
652 946 786 1037 rupibus
799 944 995 1035 precinctus,
1011 942 1093 1010 nulli
1113 942 1263 1010 humanae

123 1059 324 1128 habitationi
348 1060 476 1149 dignus.
497 1061 567 1130 lllic
590 1082 666 1151 ergo
689 1060 883 1150 quibusdam
907 1058 991 1128 casis
1014 1067 1046 1128 et
1068 1075 1166 1146 parvo
1190 1074 1263 1124 ora-

124 1174 216 1241 torio
242 1173 424 1260 instructis,
444 1175 603 1264 hortoque
622 1182 719 1256 [mol.
741 1193 798 1247 ou
818 1180 868 1256 νο]
889 1174 929 1242 ad
952 1173 1062 1242 holera
1086 1171 1263 1240 subminis-
1312 1169 1334 1238 5

123 1292 246 1360 tranda
264 1293 420 1381 plantato,
435 1295 538 1362 tribus
557 1294 784 1363 habitaverunt
803 1293 837 1362 in
856 1292 962 1362 annis.
979 1292 1130 1360 Attamen
1148 1289 1204 1357 ubi
1222 1287 1264 1358 ad

124 1407 238 1474 locum
257 1416 391 1476 ventum
410 1417 479 1475 erat
497 1409 563 1496 jam
583 1409 718 1494 dictum,
739 1409 849 1477 statim
874 1406 994 1496 singuli
1013 1404 1104 1494 quasi
1124 1423 1201 1490 apes
1221 1400 1262 1469 ad

126 1521 271 1588 alvearia
290 1522 472 1590 voluntarie
492 1523 732 1592 ministrabant.
754 1523 819 1594 Sed
844 1523 920 1612 quia
942 1521 1033 1590 nullo
1059 1519 1155 1588 modo
1180 1517 1264 1585 iudi-

125 1657 217 1725 gnus
243 1638 453 1706 conveniebat
481 1639 529 1706 eis
557 1638 661 1725 locus,
686 1660 752 1708 non
780 1650 847 1707 tam
870 1646 1001 1728 propter
1028 1635 1262 1704 infertilitatem

126 1769 230 1839 quam
254 1762 425 1820 ventorum
449 1751 725 1841 procellarumque
747 1751 984 1820 immanitatem
1010 1748 1161 1820 retardati
1182 1767 1263 1816 con·
1290 1749 1334 1819 l0

125 1863 354 1935 tristabantur.
375 1865 439 1934 Iste
458 1875 566 1934 autem
584 1867 634 1934 uir
651 1866 722 1952 Dei,
743 1885 801 1954 pro
820 1866 919 1935 tanus
938 1864 1035 1954 hujus
1055 1863 1118 1931 loci
1137 1861 1264 1930 incom-

125 1978 340 2047 meditatibus
371 1980 562 2063 suscitatus,
597 1980 664 2048 suis
695 1979 789 2048 illurn
821 1978 954 2069 querulo
986 1976 1194 2066 poscentibus
1227 1984 1264 2043 ut

126 2092 221 2160 Deus
242 2093 540 2164 incommodatibus
563 2115 674 2163 eorum
702 2095 889 2164 subveniret
910 2093 1074 2180 omnibus,
1107 2091 1263 2160 uniuscu-

123 2195 247 2294 jusque
265 2207 414 2276 sinaxeos
432 2208 521 2276 boris
539 2207 729 2297 regulariter
747 2209 895 2296 expletis,
917 2226 1031 2296 rogare
1051 2214 1263 2274 consueuerat

127 2318 236 2386 Deum
255 2329 291 2387 ut
310 2341 396 2388 unus
415 2341 455 2390 ex
474 2321 534 2405 eis,
549 2341 645 2409 quem
665 2322 752 2390 Dens
770 2322 880 2403 uellet,
896 2321 937 2389 ab
955 2321 1016 2389 ista
1035 2329 1263 2388 momentanea
1292 2318 1335 2387 lb

128 2444 351 2502 assumeretur
368 2434 449 2518 vita,
470 2435 525 2522 qui
548 2456 607 2523 pro
630 2436 765 2502 fratrum
784 2455 917 2504 suornm
942 2434 1161 2522 interpellaret
1186 2451 1263 2501 cau-

129 2549 192 2617 sis.
213 2550 282 2618 Hoc
300 2559 407 2618 autem
425 2549 460 2618 in
480 2550 575 2618 annis
592 2550 745 2638 predictis
765 2551 866 2641 [mol.
889 2555 954 2632 ao]
976 2570 1041 2618 non
1062 2557 1111 2618 est
1130 2549 1262 2616 exaudi·
1313 2577 1315 2582 ·

24 2707 25 2712 ,
128 2673 217 2751 turn,
246 2665 322 2752 quia
351 2664 448 2733 talem
482 2666 589 2733 locum
620 2666 727 2734 noluit
756 2668 844 2736 Deus
873 2665 922 2734 vel
950 2666 1049 2744 unius
1081 2661 1263 2752 corpusculi

105 2831 108 2837 .
128 2777 363 2866 discipulorum
384 2779 488 2847 sancti
508 2779 701 2848 Uuiunaloei
729 2780 894 2868 sepultura
913 2778 1106 2865 consecrari,
1129 2777 1187 2846 sed
1207 2773 1262 2843 ubi

129 2909 250 2976 eorum,
263 2901 359 2980 capnt
377 2894 574 2982 quandoque
591 2894 781 2983 quiesceret,
797 2895 842 2962 ibi
860 2893 1029 2963 decentius
1043 2902 1158 2962 cuncta
1172 2891 1261 2959 illius
1290 2898 1335 2967 20

128 3005 276 3073 membra
294 3006 529 3075 collocarentur
547 3017 726 3097 assumpta.

175 3119 254 3187 Erat
266 3129 375 3188 autem
389 3121 521 3209 qnidam
539 3120 632 3188 collis
646 3121 680 3188 in
695 3121 801 3190 medio
816 3120 945 3208 insulae,
961 3141 1058 3210 super
1073 3141 1170 3211 quem
1185 3139 1260 3188 cum
1309 3141 1315 3148 ·

129 3232 284 3302 undecim
304 3235 417 3304 sedere
434 3243 467 3303 et
490 3235 612 3304 dictare
636 3247 848 3305 consueverat
873 3235 1050 3324 discipulis.
1075 3235 1159 3305 Hinc
1186 3255 1261 3303 vero

129 3346 215 3414 silua
232 3347 429 3436 conspicitur
447 3346 563 3418 decora
580 3369 677 3438 super
695 3350 908 3418 monticulum
931 3349 1048 3439 posita,
1065 3360 1097 3417 et
1116 3347 1210 3418 vallis
1227 3347 1262 3414 iu

129 3462 240 3533 medio
259 3467 435 3535 constituta
450 3466 490 3534 ad
508 3477 615 3536 ortum
630 3468 709 3536 solis
722 3477 911 3556 conspecta3
929 3469 986 3536 sed
999 3487 1154 3556 magnum
1173 3466 1262 3556 pela-
1291 3469 1336 3538 25

129 3598 206 3666 gns,
222 3577 274 3647 cui
293 3579 412 3648 fluvius
426 3580 542 3669 ingens
559 3580 687 3669 proprio
700 3581 834 3649 nomine
845 3580 983 3668 Ampnis
992 3580 1153 3669 jungitur,
1170 3578 1262 3669 quasi

115 3691 200 3760 ‘fere
217 3691 285 3759 bini
303 3692 432 3760 miliarii
448 3693 557 3782 spacio
571 3693 735 3762 intererat.
748 3696 777 3762 Α
791 3694 885 3762 uallis
903 3704 1010 3763 autem
1026 3694 1131 3762 medio
1146 3693 1260 3781 lundo,

130 3803 201 3872 sole
214 3804 331 3873 cotidie
350 3806 500 3893 protinus
519 3816 642 3894 exorto,
663 3807 755 3896 quasi
775 3808 884 3876 sumus
903 3807 936 3875 in
957 3808 1057 3876 altum
1076 3807 1262 3895 porrigeba-

129 3926 186 3985 tur
205 3918 335 4004 nebula,
351 3927 383 3987 et
396 3919 487 3988 locus
500 3919 577 3988 inde
591 3921 708 3988 cotidie
721 3908 951 4009 aspicientibus
965 3920 1153 3988 laetissimus
1168 3938 1263 4008 appa·

24 4107 25 4111 ¹
130 4031 234 4100 rebat.
258 4033 362 4118 [For.
387 4051 441 4104 ao
463 4036 518 4120 νο]
543 4033 594 4100 dd
610 4034 787 4122 bunccrgo
802 4035 909 4103 locum
929 4034 1043 4102 deduci
1062 4034 1261 4123 flagitabant.
1292 4037 1336 4106 30

59 4148 75 4164 “
130 4146 191 4214 llle
218 4157 326 4214 autern
353 4148 478 4216 tamdiu
506 4147 704 4235 demoratus,
732 4169 774 4217 ne
798 4148 933 4238 vagandi
963 4148 1145 4236 culparetur
1171 4147 1263 4233 uitio,

128 4261 238 4330 'donec
255 4262 303 4330 illi
328 4261 369 4332 de
388 4263 540 4353 supernis
558 4264 736 4352 aspiratum
760 4274 810 4333 est
827 4264 987 4334 stabiliter
1006 4263 1039 4330 in
1060 4262 1176 4332 eodem
1195 4279 1264 4342 rna·

131 4377 232 4447 nebat
249 4377 334 4468 loco,
350 4379 407 4449 sed
425 4380 531 4462 locum
550 4379 612 4450 sibi
626 4379 826 4470 poenitentiae
845 4379 914 4450 dari
929 4379 1047 4464 cotidie
1065 4380 1168 4450 Deum
1188 4378 1264 4448 bor·
