3459 5667
1197 595 1598 665 -115—

361 733 820 824 Laedentesque
858 734 1031 805 malo
1068 734 1478 823 congaudent
1514 733 1729 802 vivere
1767 732 1975 802 furto.'
2060 737 2065 743 ’

359 849 731 939 Cunctaque
769 859 1088 938 oongestae
1124 851 1509 919 arbitrantes
1544 850 1721 918 culta
1757 857 2036 916 monetae

357 961 509 1032 Istic
546 963 764 1032 haberi
804 965 999 1053 hujus
1036 963 1322 1053 regionis
1362 962 1866 1051 conglomerata,

357 1079 651 1169 Denique
686 1080 960 1149 consilio
999 1080 1217 1148 abdita
1253 1089 1434 1168 septa
1472 1078 1810 1166 effringere
1846 1076 2073 1146 aborto

356 1194 678 1264 Invadunt
716 1196 911 1282 avidi,
953 1195 1077 1263 diri
1118 1217 1235 1264 eeu
1274 1215 1453 1263 more
1490 1194 1738 1261 leones,

360 1309 528 1377 Area
566 1308 681 1378 sed
718 1310 1014 1395 fratrum,
1057 1310 1311 1379 modica
1347 1308 1636 1377 retinens
1674 1307 2008 1394 alimenta,

360 1425 682 1515 Ingressis
719 1430 923 1517 aperit
960 1449 1111 1496 mox
1151 1439 1381 1517 sponte
1417 1437 1628 1496 serata
1664 1425 1989 1514 malignis.

363 1543 708 1631 Propterea
743 1543 894 1611 elati
934 1561 1152 1612 saccos
1190 1544 1437 1633 replere
1474 1541 1811 1631 parabant,

364 1657 667 1748 Luceque
704 1658 946 1746 perfusi
986 1668 1408 1747 corrumpunt
1444 1657 1683 1724 foedera
1718 1654 1956 1724 noctis,

330 1764 807 1861 ‘Egressosque
843 1771 1041 1840 dehin
1080 1792 1230 1839 mox
1269 1771 1431 1838 ultio
1471 1789 1701 1857 magna
1742 1777 1962 1837 secuta
1997 1775 2121 1836 est.

368 1885 576 1952 Unius
614 1884 910 1972 infracta,
952 1885 1235 1972 collapso
1274 1904 1561 1972 corpore,
1604 1901 1763 1951 coxa
1800 1890 1923 1951 est.

367 2001 547 2069 Alter
583 2010 755 2068 amat
790 2000 1008 2088 fletus,
1050 2001 1322 2069 immoto
1361 2019 1627 2087 corpore
1664 1999 1852 2066 fixus.

369 2113 633 2182 Teroius
672 2114 828 2182 baut
866 2114 1057 2202 longe
1094 2114 1417 2200 discurrit,
1460 2113 1705 2180 lumina
1745 2130 1988 2195 caecus3

369 2228 651 2311 Quartus
685 2238 749 2296 et
784 2229 1117 2316 ingentem
1153 2227 1439 2297 detrudit
1477 2227 1762 2317 palmula
1801 2245 2063 2315 pupem.

374 2342 624 2412 Interea
661 2354 923 2413 sanctus
960 2354 1359 2412 nocturnans
1396 2342 1838 2410 Uuinualoeus

374 2454 708 2525 Fratribus
744 2457 882 2524 baec
918 2457 1117 2525 tantis
1154 2466 1459 2545 raptaque
1497 2465 1562 2523 et
1600 2456 1769 2522 furta
1807 2453 2069 2522 revelat.

375 2566 485 2650 At,
526 2587 672 2635 cum
712 2567 1013 2642 lucifluus
1053 2568 1393 2656 spargebat
1430 2567 1679 2634 lumina
1713 2565 2018 2650 PhoebuS,

382 2684 576 2760 [Fol-
613 2697 774 2750 128
807 2689 904 2764 νῦ]
943 2683 1251 2749 Hortatur
1289 2679 1500 2749 socios
1540 2680 1710 2746 clara
1748 2678 1827 2746 de
1866 2698 2021 2746 voce
2057 2677 2373 2765 benignus
2421 2710 2429 2742 ;

384 2819 413 2852 α
458 2792 513 2860 Ο
552 2793 806 2881 fratreS,
848 2794 1093 2882 dicens,
1135 2794 1393 2882 carique
1431 2792 1653 2877 miehi,
1695 2790 2060 2858 tribuamus

381 2906 629 2992 (Nonne
667 2908 790 2975 fuit
826 2909 1142 2996 tempus?)
1183 2907 1471 2976 solamen
1511 2905 1848 2994 egentibus
1886 2914 2130 2993 aptum.
2184 2931 2209 2964 »ν

380 3021 519 3089 Hoc
555 3022 751 3108 dioto,
794 3043 1068 3110 pergens
1106 3021 1447 3090 confestim
1485 3021 1704 3090 visitat
1741 3040 1973 3109 aegroS,

326 3212 331 3214 ⁷
382 3136 649 3205 Caroere
686 3147 1048 3224 contruSOS‚
1094 3147 1159 3205 et
1195 3146 1374 3224 peste
1413 3146 1721 3226 metuque
1759 3134 2015 3223 ligatos,

385 3249 688 3340 Corporis
724 3251 845 3320 hos
882 3261 1063 3319 curat
1099 3251 1343 3319 morbis
1384 3250 1562 3339 (quid
1600 3248 1960 3335 demorori')
1999 3256 2193 3336 atque

383 3366 660 3434 Arentes
696 3366 948 3434 animos
987 3365 1188 3433 divini
1226 3365 1568 3453 aspergine
1605 3363 1782 3433 verbi
1881 3376 1884 3377 *

385 3481 608 3566 Rorat,
652 3489 715 3547 et
750 3480 1060 3568 aegregios
1097 3479 1354 3548 Christo
1393 3481 1543 3548 faoit
1580 3499 1722 3548 esse
1759 3478 2051 3547 colonos.

385 3594 470 3662 Se
507 3613 765 3683 quoque
801 3594 1083 3684 disjungi
1123 3595 1278 3662 haut
1315 3594 1648 3681 patiuntur
1684 3593 1764 3660 ab
1802 3611 1912 3661 ore
1952 3589 2268 3681 magistri,

385 3710 510 3779 Per
544 3729 736 3800 quem
773 3709 1103 3800 perpetuis
1141 3709 1271 3780 laeti
1308 3710 1545 3784 fulsere
1582 3709 1866 3782 coronis.

326 4012 335 4028 ³
417 4023 611 4094 XXV.
650 4061 740 4076 --
780 4026 963 4108 Quod
997 4043 1176 4092 nemo
1212 4027 1283 4091 in
1318 4025 1527 4091 eodem
1561 4030 1775 4090 sancto
1813 4022 1944 4088 loco
1979 4028 2227 4105 poterat
2262 4026 2445 4086 musi*

483 4283 657 4352 Mors
694 4282 832 4350 dira
867 4282 1053 4352 evelli
1091 4283 1327 4372 potuit,
1367 4282 1525 4351 haut
1565 4281 1733 4349 fessa
1771 4288 2098 4365 senectuS,

396 4397 490 4468 De
528 4408 754 4511 sancto
791 4399 1065 4488 coepisse
1101 4398 1312 4471 locum
1348 4417 1479 4486 quo
1516 4397 1794 4466 condere
1830 4395 2080 4482 dieunt,

2605 2322 2681 2386 ⁴153
