3459 5667
655 612 848 685 -165-

713 907 782 976 XLI
891 967 894 973 ,

356 1142 403 1213 [ln
428 1164 521 1213 ruruv
550 1143 628 1215 Lrve
655 1144 770 1215 Brsrrr
795 1164 857 1215 nvn
885 1164 952 1216 sris
978 1166 1138 1217 nunninus.

165 1442 170 1451 .
232 1384 297 1454 lstu
316 1404 447 1473 presens
465 1393 550 1455 carta
569 1384 688 1453 iudicat
705 1384 791 1474 quod
814 1393 946 1454 sanetus
971 1385 1162 1456 Conooauus
1180 1385 1307 1457 eonles·

177 1519 242 1569 sor
269 1520 342 1569 eum
370 1510 480 1569 sancto
507 1500 728 1588 Uuiuguuloeo
751 1500 862 1569 habuit
885 1500 1081 1589 colloquium
1104 1500 1245 1589 spiritale
1268 1502 1308 1573 de

175 1613 289 1683 salute
312 1612 440 1698 animae,
469 1626 501 1683 et
523 1624 633 1705 postea
659 1613 895 1683 commendauit
920 1613 1061 1702 seipsum
1087 1614 1116 1683 ei
1140 1624 1172 1683 et
1198 1616 1307 1687 omnia

175 1750 249 1819 que
276 1727 422 1812 habebat,
443 1728 565 1797 seilicet
592 1738 691 1797 totum
720 1728 807 1795 illam
841 1729 1135 1817 possessiunculam
1162 1748 1258 1819 qnam
1287 1749 1307 1800 a

174 1864 260 1933 rege
279 1842 440 1931 llyliberto
455 1842 645 1931 jamdudum
661 1844 766 1931 priseo
780 1853 924 1932 tempore
938 1842 999 1911 sibi
1019 1843 1052 1911 iu
1073 1843 1306 1916 dicumbitione
1355 1866 1379 1936 5

174 1970 303 2028 aeterua
321 1970 497 2047 acceperet,
515 1964 611 2040 [Ful.
637 1957 733 2047 aas]
753 1979 825 2026 uum
845 1958 932 2025 omui
953 1958 1060 2026 debito
1080 1969 1112 2027 et
1131 1959 1255 2030 decima
1274 1969 1307 2031 et

174 2073 335 2143 omnibns
367 2073 395 2141 ei
427 2070 603 2159 apendiciis
635 2091 731 2161 super
762 2072 883 2139 flumen
912 2072 1045 2157 Helorn,
1080 2071 1165 2142 siout
1192 2074 1306 2144 divisio

173 2188 271 2257 illius
299 2186 512 2276 possessionis
539 2185 677 2255 declarat
704 2206 760 2276 per
786 2186 983 2256 circuitum:
1009 2206 1029 2255 a
1052 2188 1197 2274 meridie,
1222 2188 1306 2258 ultra

174 2301 361 2391 predictum
389 2301 526 2377 flumem
556 2298 597 2367 ab
621 2299 794 2388 Aquilone,
824 2300 1032 2390 apprehendit
1054 2300 1148 2378 eliam
1177 2322 1304 2391 posses·

165 2416 362 2489 ‚siunuulam
382 2434 452 2505 quae
471 2414 587 2483 dicitur
606 2415 831 2504 Laugurdeluu
850 2427 882 2485 et
902 2426 1003 2485 lotum
1017 2425 1119 2507 usque
1138 2416 1177 2485 ad
1196 2417 1301 2505 illam,
1334 2440 1377 2511 10

174 2532 222 2600 ab
246 2530 391 2613 Oriente,
413 2530 494 2597 ultra
521 2529 660 2598 rivulum
690 2532 822 2601 nomine
848 2532 935 2601 Peue
957 2553 1059 2621 usque
1081 2533 1121 2600 ad
1145 2532 1303 2602 visionem

175 2645 313 2715 claustri
338 2646 438 2713 saneti
463 2643 634 2727 Hnardon3
659 2644 699 2713 ab
727 2644 904 2726 occidente,
933 2646 1017 2713 ultra
1041 2646 1180 2714 rivulum
1209 2668 1305 2738 super

175 2784 278 2855 quem
305 2762 467 2848 monaehi,
492 2772 660 2851 postquam
685 2762 886 2831 adduxerunt
907 2783 964 2853 per
985 2762 1135 2850 claustra,
1161 2764 1304 2833 fecerunt

174 2878 243 2949 sibi
276 2876 508 2946 molendinum.
539 2877 637 2943 lstum
671 2887 797 2964 pactum
830 2876 874 2943 ite
905 2877 1144 2946 affirmaverunt
1173 2889 1304 2949 sanutus

168 2993 421 3082 ‚Uuiugualoeus
440 3002 471 3060 et
491 3002 621 3059 sanutus
636 2990 828 3065 ¹Cuuouenus
847 2993 879 3060 in
899 2991 1011 3060 eodem
1032 2991 1114 3078 louo,
1130 3002 1165 3060 ut
1183 2992 1302 3063 ibidem
1332 3016 1375 3087 15

176 3130 308 3200 semper
331 3120 416 3178 esset
439 3108 629 3177 coadunatio
653 3108 787 3177 fratrum
810 3108 1014 3197 spiritalium,
1035 3119 1192 3198 quantum
1212 3110 1301 3179 suffi-

168 3234 267 3310 ,uerut
294 3224 469 3293 seeundum
499 3222 742 3312 possibilitatem
770 3222 843 3309 luoi,
868 3222 951 3291 siout
974 3224 1148 3312 postularet
1175 3235 1302 3313 tempus

175 3352 236 3424 aut
255 3361 318 3427 res,
340 3340 400 3409 snb
418 3360 494 3409 eura
511 3352 543 3407 et
563 3349 709 3429 precepto
728 3338 851 3407 abbatis
872 3338 1055 3407 monasterii
1075 3339 1177 3407 saneti
1197 3341 1301 3410 Uuin-

86 3525 89 3532 ,
176 3458 305 3551 gualoni
347 3456 583 3546 perpetualiter.
628 3457 764 3526 Sanctus
804 3455 912 3545 itaque
953 3454 1155 3539 Conouanus,
1199 3462 1299 3539 [Pol.

174 3588 264 3656 ,ius
290 3577 339 3653 νο]
362 3569 531 3639 confessor
554 3568 682 3638 Domini
706 3568 925 3652 fidelissimus,
949 3567 1178 3637 monesterium
1202 3589 1299 3653 suurn
1326 3580 1371 3651 20

174 3687 358 3757 construxit
387 3685 662 3771 edificationibus,
694 3684 843 3771 officinis,
875 3684 1035 3770 claustris,
1064 3684 1300 3754 munitionibus

175 3802 288 3893 largis,
309 3802 513 3886 aeternaliter,
530 3801 599 3868 siue
617 3800 725 3891 aliquo
742 3798 858 3869 herede
877 3799 959 3867 iulra
972 3818 1085 3869 omnes
1103 3799 1299 3869 munitiones

175 3916 388 4007 nequeintus
406 3916 515 3984 omnia
533 3914 682 3984 claustra.
730 3988 732 3995 ,
988 3995 990 3998 ¹

223 4034 288 4101 Lau
309 4034 430 4102 Luesuu
447 4052 521 4101 eum
539 4031 627 4099 omui
648 4030 768 4115 debito,
784 4039 913 4118 exceptu
931 4031 1028 4101 tercia
1047 4040 1134 4120 parte
1149 4029 1297 4115 decimae,

178 4148 212 4217 iu
231 4148 460 4217 diuumbitiune
483 4158 646 4239 perpetua,
671 4168 743 4216 oum
765 4146 920 4214 tributum
939 4158 988 4215 est
1010 4160 1076 4217 tres
1102 4147 1225 4217 solidos
1243 4166 1298 4235 per
1325 4138 1369 4209 25

178 4264 321 4351 singulos
338 4281 459 4347 anuos,
481 4264 560 4333 Caer
579 4263 738 4349 Souuueu,
759 4260 907 4329 Mauhoer
924 4260 996 4328 Pull
1017 4262 1084 4330 Bud
1103 4262 1197 4357 Mael.
