3459 5667
936 624 1131 693 ..138-

440 806 444 811 -
475 763 717 853 Wingualoeus,
743 762 891 832 sacerdos
918 772 951 832 ct
977 763 1154 833 monachus
1176 761 1506 851 magnasunctitatis
1530 761 1590 848 uir,

475 877 529 967 qui
550 877 677 946 beatum
696 877 735 945 ad
754 897 789 946 se
803 877 1002 967 conjungens
1017 876 1213 962 ldiunetum,
1228 875 1342 945 uidens
1360 896 1435 945 eum
1454 894 1593 966 superna

474 991 576 1079 gratia
595 991 800 1077 illustratum,
821 1002 857 1059 nt
875 1002 964 1080 pater
982 991 1085 1059 lilium
1102 990 1266 1080 diligebat.

519 1106 551 1174 3.
569 1105 775 1175 Consuetudo
794 1115 901 1174 autem
917 1113 986 1173 erat
999 1105 1082 1173 beati
1102 1104 1304 1195 Wingualoei
1323 1105 1497 1176 aecclesiam
1520 1128 1594 1197 qna

428 1225 450 1296 5
475 1222 536 1293 sita
560 1231 628 1291 erat
653 1221 886 1290 amonasterio
911 1221 1048 1290 miliario
1077 1241 1143 1290 uno
1171 1221 1313 1305 uisitare,
1338 1232 1371 1291 et
1402 1224 1446 1291 ibi
1469 1224 1592 1294 hostias

474 1351 539 1407 tam
565 1357 621 1427 pro
645 1335 726 1404 vivis
750 1354 846 1426 quam
870 1355 927 1425 pro
945 1335 1118 1419 defunctis,
1139 1335 1231 1427 jussu
1250 1336 1387 1423 abbatis,
1408 1338 1535 1407 offerre.
1557 1340 1593 1407 ln

473 1454 568 1544 hujus
586 1452 671 1521 enim
694 1450 890 1521 visitationis
914 1450 1145 1523 consuetudine
1170 1470 1281 1520 secum
1307 1450 1440 1521 sociavit
1463 1452 1592 1523 ldiune·

472 1579 554 1655 tum,
580 1568 730 1657 juvenem
758 1570 952 1658 preclarum,
983 1567 1150 1637 diaconem
1180 1587 1348 1658 magnum,
1380 1580 1416 1638 ut
1446 1568 1593 1639 sacerdos

472 1686 590 1777 diguus
616 1686 750 1759 diacono
781 1697 1015 1757 sustentaretur
1042 1687 1141 1776 justo.
1171 1686 1298 1757 Accidit
1323 1687 1461 1776 quadam
1490 1688 1591 1774 [mol.

406 1806 448 1876 to
476 1818 557 1873 no
578 1808 628 1885 vo]
648 1802 712 1888 die,
733 1801 808 1870 dum
827 1800 1093 1871 consuetudinem
1114 1800 1279 1889 explerent
1296 1811 1329 1870 et
1347 1802 1407 1870 iter
1426 1821 1483 1891 per
1501 1820 1591 1870 cam·

472 1916 579 2008 posin
594 1926 736 2004 tempore
749 1917 865 1986 messis
879 1918 1031 2004 fecerent,
1047 1916 1240 1987 inuenerunt
1255 1917 1415 2007 quendam
1429 1918 1591 2007 leprosum

470 2034 628 2125 jacentem
651 2033 685 2101 in
710 2053 826 2121 messe,
851 2033 989 2123 graviter
1012 2034 1229 2124 plangentem,
1254 2044 1358 2103 totum
1382 2054 1498 2121 corpus
1520 2035 1591 2103 rul-

473 2148 605 2218 neribus
631 2148 761 2237 plenum
786 2140 1030 2233 exclamantem,
1061 2148 1159 2217 tlebili
1191 2168 1269 2217 voce
1299 2148 1453 2217 auxilinm
1481 2149 1593 2218 abeis

473 2264 702 2352 postulantem.
719 2263 837 2331 Beatus
850 2262 1083 2352 Wingnaloeus
1101 2261 1244 2331 Ehtlrino
1258 2263 1347 2352 justo
1363 2262 1433 2331 ait:
1450 2288 1468 2329 r<
1484 2263 1594 2331 Frater

406 2379 448 2447 td
474 2377 648 2463 carissime,
665 2376 819 2466 quidnam
838 2375 944 2445 daturi
958 2397 1070 2447 sumus
1089 2376 1165 2445 huic
1182 2376 1314 2467 pauperi
1328 2377 1484 2448 auxilium
1498 2378 1591 2448 nobis

474 2493 666 2583 postulanti?
683 2493 808 2561 Aurum
827 2511 893 2562 non
913 2494 1079 2580 habemus,
1098 2503 1267 2583 argentum
1285 2513 1351 2563 non
1370 2493 1588 2565 recondimus.

473 2609 558 2678 Nudi
577 2609 720 2698 pecuniis
737 2610 833 2698 hujus
851 2610 964 2694 seculi,
984 2610 1061 2699 quid
1079 2610 1179 2679 acturi
1199 2630 1313 2679 sumus
1333 2609 1409 2679 huic
1425 2610 1552 2699 egenti?
1574 2638 1589 2673 ι

475 2724 614 2799 Sanctus
631 2733 738 2793 autem
757 2724 931 2808 Ethlrinus,
947 2724 1085 2813 Spiritus
1104 2723 1212 2793 Sancd
1232 2724 1333 2813 gratia
1349 2725 1503 2815 repletus,
1519 2725 1589 2795 ait:

477 2867 493 2901 ι
515 2840 677 2929 Legimus,
693 2849 794 2929 pater,
815 2838 849 2906 in
868 2839 1002 2907 Actibus
1019 2838 1248 2928 discipulorum
1266 2840 1365 2929 quod,
1385 2840 1478 2909 berto
1495 2840 1590 2909 Petro

404 2950 449 3019 20
474 2954 619 3044 apostolo
638 2974 711 3022 cum
729 2954 878 3021 Iohanne
897 2953 1054 3043 templum
1077 2953 1272 3040 introeunte,
1291 2953 1424 3024 claudus
1441 2954 1591 3025 elemosi-

474 3087 549 3137 nam
573 3068 678 3159 petiit,
703 3079 735 3136 et
761 3068 946 3157 sospitatem
968 3088 1101 3157 gressus
1120 3066 1248 3137 itineris
1269 3068 1310 3137 ab
1338 3068 1386 3137 cis
1412 3070 1518 3159 ooepit.
1542 3072 1592 3139 Tu

473 3192 581 3251 autem
600 3180 854 3271 appropinquare
872 3181 1016 3272 pauperi,
1034 3191 1066 3251 et
1088 3201 1235 3271 superum
1256 3181 1368 3273 gretie
1389 3203 1509 3253 munus
1528 3185 1591 3255 im·

473 3300 590 3387 pertire
608 3299 667 3367 illi.
692 3326 707 3361 s
736 3302 740 3309 '

515 3414 549 3482 l.
572 3415 661 3483 Tunc
678 3413 790 3483 beatus
807 3413 1038 3503 Wingualoeus
1055 3424 1146 3485 stans
1168 3435 1261 3485 secus
1284 3434 1457 3504 pauperem
1480 3415 1561 3486 dixit
1580 3446 1591 3486 ι

404 3530 449 3599 25
475 3529 592 3613 «Qum
618 3530 755 3598 suntin
782 3539 814 3599 te
841 3537 939 3614 [lt-l.
962 3538 1056 3614 m]
1088 3530 1303 3616 infirmitates,
1335 3532 1445 3619 frater,
1474 3531 1593 3621 quidus

473 3656 539 3713 tam
558 3644 701 3734 grauiora
720 3644 860 3735 suspiria
875 3656 1005 3735 tamque
1024 3644 1143 3714 debilia
1160 3646 1258 3714 rerba
1274 3644 1415 3714 emittis?
1431 3674 1446 3708 r
1463 3646 1533 3731 llle,
1550 3646 1593 3715 alr

474 3764 588 3832 intimo
613 3772 739 3851 pectore
762 3763 893 3834 trahens
915 3764 1064 3853 suspiria,
1084 3784 1158 3833 cum
1180 3782 1299 3853 magna
1317 3763 1561 3833 humilitatenit
1580 3791 1589 3833 ε

477 3878 627 3969 «Magnae
645 3881 814 3969 angustiae,
829 3900 942 3971 graves
958 3881 1086 3951 dolores
1098 3882 1285 3971 quatiuntur
1297 3881 1331 3949 in
1349 3901 1590 3971 corporemeo3

474 4004 582 4065 tamen
610 3995 742 4085 insuper
768 4016 853 4066 unus
881 3996 973 4064 dolor
999 3995 1085 4065 inest
1111 3996 1166 4085 qui
1192 4006 1317 4067 tentum
1340 4007 1392 4066 est
1413 3996 1591 4066 infirmitati

407 4110 450 4183 30
475 4132 555 4183 meac
586 4112 715 4199 noxius,
744 4123 792 4199 ut,
825 4112 851 4181 si
881 4113 970 4181 hunc
994 4111 1079 4181 diem
1104 4112 1183 4182 sine.
1203 4112 1299 4202 hujus
1325 4112 1449 4183 doloris
1473 4112 1590 4183 auxilio

474 4226 644 4314 transiero,
665 4236 801 4297 mortem
819 4228 926 4316 potius
944 4246 1041 4317 quam
1062 4226 1157 4297 vitam
1174 4227 1351 4316 proximam
1369 4248 1443 4298 esse
1460 4238 1547 4318 puto.
1570 4254 1587 4289 r

475 4340 517 4409 Et
535 4341 734 4431 respondens
750 4351 881 4411 sanctus
898 4341 1130 4431 Wingmloeus
1148 4341 1312 4412 humiliter
1329 4341 1374 4411 ait
1394 4368 1403 4411 z
1427 4369 1442 4403 ι
1463 4341 1532 4428 llic,
1549 4348 1588 4409 tu

404 4490 406 4499 ·
475 4456 583 4545 frater,
599 4476 665 4546 quo
682 4456 801 4525 auxilio
814 4455 923 4527 leviari
943 4456 1077 4546 poteris,
1097 4456 1191 4527 testis
1207 4467 1257 4527 est
1268 4458 1353 4529 Deos
1366 4456 1453 4547 quod
1471 4464 1587 4526 nosue
