3459 5667
643 599 821 672 ..95-

164 739 270 831 gilas?
291 768 306 804 2
326 740 371 814 lt
394 739 451 810 ille
477 740 570 832 quasi
602 741 728 814 amicus
754 741 797 812 ad
823 740 964 812 amicum
989 757 1098 825 suum,
1127 738 1298 810 notissima

163 874 242 923 voce
269 853 331 923 sibi
359 854 489 934 emissa,
518 854 700 926 humillima
724 856 770 924 ait
795 855 1036 943 responsione:
1061 880 1076 914 α
1098 851 1205 922 Audio
1228 853 1294 922 llo-

163 969 263 1042 utine.
288 997 303 1032 a
324 969 472 1058 angelos
493 969 535 1040 ad
557 971 655 1040 baec:
679 998 695 1035 s
720 971 853 1040 llaturae
877 968 995 1057 segetis
1021 978 1054 1039 et
1074 967 1168 1038 bonae
1195 966 1297 1057 lrugis

162 1103 262 1174 quarn
279 1085 448 1154 seminasti
466 1095 596 1174 ternpus
618 1086 719 1156 instat
743 1085 944 1176 colligendae.
966 1085 1010 1152 At
1028 1099 1128 1172 pauca
1146 1098 1246 1170 grana
1264 1087 1296 1148 et

161 1209 272 1270 tamen
300 1199 489 1287 maturiore,
515 1199 607 1289 quasi
632 1199 782 1288 primitiae
807 1219 900 1270 noue
924 1198 1001 1268 boni
1028 1197 1176 1281 seminis,
1200 1193 1296 1264 modo
1346 1191 1369 1260 5

161 1310 377 1400 accipientur3
403 1311 472 1400 jam
499 1312 588 1380 onim
611 1312 783 1384 durescere
804 1295 983 1400 incipiunt3
1008 1320 1040 1381 et
1062 1309 1209 1400 quaedam
1229 1308 1297 1397 jam

161 1435 286 1512 parata,
314 1434 389 1512 post
415 1424 518 1497 multa
545 1437 717 1498 ventorum
741 1426 975 1517 aquilonalium
1004 1425 1121 1514 frigora
1149 1433 1183 1494 et
1209 1423 1299 1492 dure

162 1539 283 1610 astaus
300 1548 448 1611 caumata
467 1551 602 1628 purgata
617 1551 651 1611 et
670 1551 743 1629 post
768 1560 924 1630 magnum
949 1538 1121 1608 triturandi
1141 1538 1296 1626 laborem,

163 1653 348 1742 recipienda
378 1654 617 1743 repperiuntur.
646 1656 785 1726 llultutn
818 1656 937 1744 Aquilo
970 1663 1066 1724 nocet
1098 1651 1295 1742 seminibus3

163 1769 221 1840 scd
239 1787 419 1858 numquam
438 1769 578 1856 agricola
591 1770 710 1841 babere
729 1771 771 1840 de
787 1770 952 1860 segetibus
964 1769 1169 1838 securitatem
1188 1766 1295 1853 debet,
1325 1761 1369 1832 to

163 1879 268 1952 donec
293 1901 314 1952 a
337 1885 479 1973 sysaniis
506 1896 669 1975 separatas
697 1893 796 1970 [rot.
831 1903 914 1958 tort
941 1891 992 1968 vt]
1018 1893 1051 1954 et
1077 1903 1098 1953 a
1127 1894 1297 1956 uentorum

163 1997 299 2068 uredine
326 2010 478 2089 purgatas
506 2000 540 2068 in
569 2019 668 2072 unam
697 2000 939 2090 congregaverit
962 2017 1086 2068 messor
1108 2017 1227 2070 aream.
1252 1998 1297 2067 At

163 2120 256 2198 tuuc,
280 2112 354 2180 oum
381 2113 517 2202 hyemps
540 2115 716 2203 asperrima
738 2115 921 2204 quibusque
949 2112 1139 2202 improvidis
1166 2121 1297 2200 repente

163 2222 322 2314 ingruerit
339 2227 470 2315 quando
491 2249 589 2298 nemo
612 2229 728 2317 poterit
751 2228 892 2318 operari,
918 2227 996 2296 dum
1023 2227 1097 2316 gelu
1124 2236 1157 2296 et
1179 2225 1298 2315 frigore

163 2335 287 2406 menti
305 2338 512 2427 nequiuerint
525 2342 652 2430 operari
670 2349 703 2410 et
721 2341 815 2429 panis
833 2339 942 2428 inopia
961 2339 1144 2428 consumpti
1164 2338 1296 2425 luerint,
1326 2329 1369 2400 15

164 2461 336 2522 tuncrum
354 2453 467 2522 amieis
491 2453 561 2524 suis
583 2453 765 2542 epulabitur
789 2453 990 2541 splendidus.
1013 2454 1057 2522 At
1080 2463 1167 2522 sutor
1185 2451 1299 2522 Domi·

164 2585 229 2633 nus
251 2563 553 2654 agricolae'precipit
570 2576 606 2634 ut
627 2587 734 2636 unum
757 2565 869 2652 modo,
890 2566 947 2634 sed
970 2566 1240 2653 maturissimum,
1257 2566 1299 2634 ab

164 2680 305 2770 agricola
323 2681 494 2770 recipiatur
512 2701 664 2772 granum,
684 2693 719 2754 et
740 2681 858 2752 exinde
881 2681 988 2752 taliter
1010 2681 1072 2752 boc
1090 2699 1226 2772 granum
1245 2701 1299 2750 se-

163 2805 306 2884 quentur
323 2805 440 2866 cetera.
465 2824 481 2858 s

208 2909 279 2978 lloc
296 2910 432 2980 audiens
450 2920 581 2980 sanetus
608 2911 831 2983 Uuinualoeus
853 2910 1042 3000 suppliciter
1066 2922 1175 2982 exorat
1195 2931 1250 2998 ne,
1270 2911 1297 2981 si
1324 2905 1370 2976 20

162 3021 271 3092 adbuc
287 3041 387 3112 grano
410 3022 519 3112 aliqua
537 3033 632 3092 nocet
655 3024 782 3113 rubigo,
804 3023 937 3092 tollatur
959 3023 1063 3094 donec
1081 3034 1210 3110 cuncta,
1230 3024 1307 3092 sale
1405 3033 1407 3036 ’

163 3157 239 3206 cunr
263 3156 348 3226 aqua
372 3137 487 3228 mixta,
511 3138 711 3226 abstergatur
734 3139 873 3225 macula,
899 3157 940 3207 ne
964 3137 1116 3206 inimicus
1139 3136 1295 3223 bominis,

162 3250 222 3339 qui
243 3270 423 3340 numquam
444 3270 562 3320 nocere
580 3251 677 3320 desiit
701 3252 778 3320 huic
800 3251 914 3342 segeti,
936 3251 1075 3321 videndo
1099 3249 1220 3343 aliquid
1245 3249 1298 3319 in-

162 3365 284 3434 iectum
312 3364 461 3434 insultet.
481 3366 627 3454 Angelus
655 3365 696 3434 ud
724 3367 821 3436 baec:
846 3393 862 3426 s
883 3365 980 3434 llichi
1004 3364 1097 3433 crede
1121 3365 1209 3453 quia,
1234 3363 1298 3434 nisi
1365 3429 1369 3442 ,

120 3478 123 3483 ’
162 3481 381 3570 pregustando
413 3480 621 3570 previderim,
651 3481 752 3568 [rol.
793 3486 888 3564 m]
919 3500 1121 3569 nequaquam
1151 3480 1298 3549 tollerem
1325 3483 1370 3552 ab

162 3595 216 3664 uel
245 3605 413 3666 meterem.
443 3623 458 3658 »
485 3596 625 3666 Sanetus
648 3596 746 3665 etiam
766 3622 775 3664 :
799 3622 815 3656 ι
837 3595 880 3664 Ut
902 3605 958 3664 tua
982 3595 1134 3664 voluntas
1157 3596 1205 3664 sio
1226 3614 1299 3666 mea

161 3707 269 3778 fiat.»
298 3709 425 3778 Rursus
450 3709 587 3798 angelus
613 3708 749 3798 inquit:
779 3733 795 3772 α
825 3707 880 3778 Sic
907 3708 995 3776 enim
1023 3708 1188 3796 coudecet,
1210 3708 1299 3798 {quia

158 3820 228 3910 jam
253 3822 395 3891 conuiuii
421 3823 558 3892 caelestis
586 3842 721 3893 consors
750 3843 797 3894 es.
823 3850 838 3886 ι
865 3822 925 3892 llis
943 3821 1050 3910 dictis,
1072 3823 1155 3892 laeta
1173 3824 1241 3894 Deo
1260 3823 1295 3892 in

162 3925 336 4005 commuue
353 3935 530 4025 gratiarum
554 3935 693 4022 actione,
713 3955 771 4024 per
794 3953 891 4005 auras
918 3934 1026 4024 longis
1047 3935 1203 4006 tractibus
1222 3947 1298 4026 post

161 4057 289 4138 tergum
313 4051 434 4120 relictis
457 4051 549 4140 quasi
572 4050 653 4120 solis
678 4049 791 4137 radiis,
815 4050 857 4119 ad
880 4049 985 4120 locum
1010 4051 1050 4120 de
1078 4072 1144 4141 quo
1167 4063 1299 4128 venerat
1325 4051 1370 4120 30

162 4172 275 4230 sancto
303 4162 464 4232 videndus
492 4163 693 4233 Uuinualoeo
722 4173 911 4232 constanter
936 4163 1095 4252 ascendit,
1120 4175 1243 4234 tantam
1267 4165 1297 4234 ei

162 4275 330 4364 regionem
347 4276 502 4368 lrdgidam
521 4277 710 4367 ostendens,
735 4277 778 4348 ad
806 4297 903 4369 quam
930 4279 1126 4370 quaudoque
1150 4300 1227 4350 suos
1246 4299 1298 4350 se·
