3459 5667
940 582 1118 652 ..18-

465 742 621 809 recreare,
640 722 870 812 poenitentibus
888 721 1059 813 denegabit
1077 723 1228 793 omnibus
1250 721 1367 791 nobis?
1385 720 1447 806 Qui
1472 721 1595 790 multo·

464 836 528 907 ties
545 857 623 907 suos
642 836 676 905 in
695 836 870 924 Evangelio
889 836 1065 926 discipulos
1085 837 1236 923 eandem,
1253 836 1292 904 de
1306 855 1370 925 qua
1383 837 1446 904 hoc
1458 834 1595 904 contidi-

465 972 540 1023 mus
558 951 653 1039 effici,
669 950 765 1019 fidem
783 950 935 1036 edocens,
952 961 1096 1020 montem
1110 952 1208 1022 etiam
1226 950 1340 1021 toliere
1358 949 1408 1021 vel
1426 948 1593 1041 quioquid,

465 1091 540 1141 cum
558 1070 644 1139 bono
663 1067 772 1136 auimo
791 1068 955 1156 petierint,
974 1069 1122 1157 promisit
1140 1069 1280 1159 assequi.
1305 1095 1320 1132 c

418 1187 440 1255 ὅ
510 1184 581 1266 Qua
599 1181 671 1252 freti
690 1180 942 1252 commonitione
957 1184 1152 1253 unanimiter
1166 1185 1268 1252 Deum
1283 1174 1433 1270 exorant3
1454 1180 1523 1270 ipse
1536 1199 1595 1250 au·

466 1308 531 1368 tem
546 1298 649 1383 solus,
663 1297 796 1365 elevatis
814 1297 854 1366 ad
870 1298 984 1366 caelum
998 1299 1101 1368 oculis
1115 1320 1189 1368 cum
1202 1300 1365 1384 manibus,
1379 1298 1595 1367 intentissime

465 1414 576 1483 orabat
590 1412 701 1481 dicens
716 1438 724 1480 ι
740 1439 754 1473 α
771 1412 909 1481 Domine
926 1413 1026 1482 thesu
1043 1413 1182 1497 Christe,
1196 1415 1251 1504 qui
1267 1414 1427 1503 jacentem
1441 1413 1476 1481 in
1495 1430 1594 1501 squa-

465 1530 534 1609 lore
551 1549 607 1617 per
624 1529 703 1598 Adae
721 1529 974 1598 inobedientiam
993 1529 1152 1600 mundum
1170 1532 1316 1620 erexisti3
1337 1533 1392 1622 qui
1411 1531 1490 1622 ligni
1503 1528 1593 1600 vetiti

466 1662 599 1732 pomum
617 1642 787 1730 antiquum
806 1661 825 1709 a
849 1643 1034 1729 parentibus
1057 1655 1238 1713 comestum
1263 1656 1328 1714 tuae
1351 1654 1471 1715 sanctae
1488 1642 1594 1712 crucis

397 1753 442 1825 tt)
466 1756 599 1844 tropheo
627 1754 820 1841 dulcorasti3
846 1756 904 1844 qui
930 1756 1032 1841 [rot.
1049 1760 1122 1845 et]
1142 1757 1236 1826 ittum
1259 1768 1431 1847 tyrannum
1450 1758 1594 1846 refugam

466 1870 622 1959 gebenuae
640 1869 770 1958 ignibus
788 1868 966 1957 deputasti3
987 1869 1042 1958 qui
1064 1871 1128 1939 tuis
1147 1871 1357 1940 servitoribus
1380 1872 1479 1942 uitam
1498 1880 1594 1940 aeter-

466 2001 542 2051 nam
562 1980 756 2071 promisisti;
772 1980 826 2069 qui
847 2000 865 2049 a
885 1992 917 2049 te
935 1993 1020 2051 recte
1034 1984 1254 2072 quaerentibus
1267 1984 1402 2053 omnino
1416 2004 1482 2053 uon
1501 1984 1594 2052 eton-

466 2098 569 2187 garis3
589 2096 645 2185 qui
664 2116 766 2165 caecos
785 2095 909 2164 lumine
922 2108 953 2166 et
974 2117 1107 2167 mancos
1121 2099 1270 2169 manibus
1284 2109 1317 2168 et
1329 2099 1462 2169 claudos
1476 2098 1593 2188 gressi-

466 2213 527 2281 bus
544 2211 772 2299 exanimesque
791 2210 857 2279 vita
875 2231 932 2300 per
949 2222 1025 2281 tuos
1040 2223 1187 2300 precatus
1203 2214 1341 2284 famulos
1354 2214 1465 2283 ditasti
1482 2240 1490 2282 :
1508 2214 1596 2282 bunc

398 2331 442 2402 15
467 2345 597 2417 quoque
625 2323 732 2409 nobis,
757 2322 832 2391 licet
859 2322 953 2393 ratde
980 2324 1096 2392 horum
1119 2324 1334 2395 dissimilibus
1356 2326 1411 2416 qui
1431 2326 1501 2395 baec
1522 2343 1541 2393 a
1562 2332 1595 2393 te

466 2440 638 2529 impetrare
665 2448 869 2524 meruerunt,
893 2458 1037 2526 oramus,
1064 2440 1163 2509 redde
1190 2462 1353 2511 securum.
1378 2441 1595 2529 »Statimque

466 2553 625 2643 completa
645 2553 692 2622 sic
710 2553 854 2622 oratione
868 2551 909 2620 ad
924 2574 1059 2641 puerum
1074 2575 1237 2641 reversus,
1253 2556 1360 2625 locum
1375 2555 1476 2644 plagae
1489 2552 1594 2622 crucis

466 2668 633 2757 signaculo
648 2667 856 2755 consignans,
868 2668 1032 2737 dexteram
1046 2669 1115 2758 ojus
1129 2679 1265 2739 tenens:
1283 2697 1298 2731 α
1313 2669 1416 2758 Surge
1430 2668 1592 2755 velociter,

466 2781 585 2872 iuquit,
606 2783 640 2851 in
661 2784 793 2852 nomine
810 2784 940 2853 Domini
964 2784 1066 2854 nostri
1088 2785 1188 2855 Jhesu
1212 2784 1344 2855 Christi.
1369 2813 1383 2847 e
1405 2784 1473 2853 Nec
1490 2801 1592 2869 mora,

395 2908 441 2979 20
466 2895 576 2965 audita
602 2897 661 2966 Dei
689 2896 773 2966 servi
800 2917 891 2984 voce,
912 2916 1025 2983 sanus,
1050 2898 1143 2987 quasi
1167 2898 1266 2967 nichil
1289 2898 1367 2967 mali
1391 2906 1467 2967 ante
1494 2896 1594 2966 susti·

465 3010 605 3096 unisset,
634 3010 780 3098 effectus,
805 3010 929 3079 nullius
954 3021 1105 3080 manente
1133 3010 1274 3080 surrexit
1304 3011 1440 3100 vestigio
1467 3012 1593 3081 lesurae.

509 3125 580 3193 Hoc
592 3134 700 3193 autem
715 3124 854 3212 denique
869 3126 965 3211 tacto,
981 3125 1124 3214 precepit
1137 3126 1289 3194 iratribus
1302 3146 1344 3195 ne
1357 3126 1408 3194 cui
1424 3127 1493 3195 haec
1506 3144 1596 3193 reve·

464 3238 581 3321 tarent,
603 3238 705 3323 [rot.
722 3256 776 3308 π
792 3236 844 3328 v0]
859 3240 943 3307 hanc
960 3258 1028 3308 rem
1043 3238 1150 3327 potius
1168 3259 1281 3308 eorum
1297 3238 1422 3308 meritis
1435 3237 1595 3327 deputans

454 3352 562 3441 'quarn
583 3353 665 3440 suis,
690 3352 873 3440 exemplum
899 3352 1074 3422 Salvatoris
1097 3352 1137 3421 de
1162 3362 1273 3422 monte
1299 3352 1526 3422 descendentis
1544 3370 1596 3420 sc·

394 3476 441 3547 25
465 3475 570 3533 cutus.
588 3464 652 3533 Sed
669 3475 702 3534 et
720 3464 829 3535 omnia
843 3485 915 3554 quae
934 3465 1125 3553 operabatur
1139 3465 1292 3534 occultari
1312 3484 1439 3553 semper
1456 3464 1593 3532 volebat.

465 3575 594 3661 Quanto
612 3589 720 3648 autem
739 3578 893 3647 abscondi
913 3578 1072 3666 cupiebat,
1094 3589 1184 3647 tanto
1202 3578 1306 3667 magis
1324 3580 1411 3646 Deus
1429 3576 1485 3645 itta
1504 3595 1597 3644 mon·

465 3692 559 3761 strari
578 3692 725 3761 iaciebat.
748 3692 825 3761 Seni
844 3712 921 3782 ergo
941 3692 982 3761 de
1000 3694 1052 3761 ria
1073 3694 1258 3781 revertenti,
1279 3714 1354 3762 curn
1373 3691 1413 3762 ad
1432 3710 1596 3761 accessum

464 3803 649 3875 advenisset
676 3806 798 3892 locum,
824 3826 844 3874 a
865 3806 1080 3875 referentibus
1101 3818 1180 3876 nota
1202 3806 1361 3875 habentur
1386 3815 1503 3875 cuncta
1524 3823 1596 3895 quae

464 3929 536 3988 acta
555 3919 705 3989 inissent.
722 3920 938 4010 Gaudensque
952 3920 1097 3989 interiori
1113 3920 1240 4007 taeticia,
1256 3931 1289 3989 et
1302 3941 1412 3990 secum
1427 3920 1597 3990 revolvens

395 4044 441 4115 30
465 4032 619 4121 quidnam
639 4042 727 4102 esset
746 4033 805 4101 iste
823 4034 917 4123 cujus
936 4034 1041 4102 adbuc
1059 4053 1116 4122 per
1135 4052 1267 4103 manum
1290 4034 1324 4102 in
1343 4035 1405 4103 hac
1421 4044 1515 4103 aetate
1532 4032 1596 4101 sis-

464 4146 565 4217 tentis
584 4147 734 4217 Christus
752 4148 821 4216 haec
839 4147 1041 4236 operabatur,
1063 4149 1131 4217 Deo
1148 4150 1268 4239 gratias
1285 4149 1364 4239 agit.
