3459 5667
636 607 835 675 -lll-·

215 750 381 820 Fratribus
398 747 475 816 iride
492 746 623 836 quidem
642 748 849 836 poscentibus
868 742 938 835 ipse
958 738 1120 823 ministrat
1220 733 1235 740 ”

215 866 408 955 largifluam
427 863 565 931 ubertim
586 865 765 952 lympham,
787 862 843 930 sed
863 861 980 950 gaudia
998 871 1088 930 tanta

215 981 293 1047 Post
311 977 565 1064 sitimingentes
584 976 728 1064 praebent
745 974 892 1043 mirabile
912 973 1037 1059 laudes,

215 1093 390 1184 Egregium
407 1103 440 1163 et
457 1103 569 1162 sancto
588 1101 661 1181 post
679 1093 741 1160 luoc
758 1090 904 1158 mirabile
922 1088 1059 1158 donum.

442 1377 540 1447 XVII.
561 1379 671 1446 —Dc
689 1379 880 1462 scotosmotc
898 1377 1024 1444 dioboli.

261 1598 419 1691 Tempore
437 1622 503 1670 non
523 1600 621 1690 longo
641 1610 815 1689 transacto,
836 1601 938 1669 fertur
959 1599 1066 1668 inesse

215 1715 392 1782 Luctamen
412 1713 489 1782 saevi
508 1713 606 1782 uariis
625 1714 791 1782 delusibns
810 1723 917 1781 actum
1114 1705 1117 1710 ’

216 1827 382 1916 Serpentis
401 1828 524 1914 stolidi,
544 1828 687 1897 millenis
706 1829 841 1897 lienibus
859 1838 979 1914 ortum,

214 1942 380 2010 Adversus
400 1953 564 2027 sanctum3
585 1943 641 2011 sed
660 1944 760 2012 sacris
778 1942 907 2011 condita
927 1940 1017 2009 libris

215 2054 345 2142 Spicula
364 2066 491 2123 versuto
511 2055 675 2144 transjecit
694 2057 734 2123 ab
753 2077 808 2125 ore
827 2054 1001 2144 profundo,

214 2166 256 2233 Et
273 2178 364 2234 tanta
382 2165 567 2254 aggreditur
584 2166 679 2234 dictis
697 2177 793 2256 atque
812 2164 956 2256 increpat
976 2167 1061 2234 ultro
1082 2192 1090 2234 ε
1219 2147 1221 2151 ’
1332 2162 1374 2231 to

218 2307 233 2340 α
255 2261 409 2368 Quisquis
427 2301 476 2365 es,
496 2280 649 2348 adversus
667 2281 723 2370 qui
743 2292 853 2350 nostra
872 2281 911 2350 ad
933 2280 1050 2348 moenia
1069 2277 1188 2365 tendis,

214 2393 340 2482 Effuge.
361 2393 447 2476 Quid
466 2394 596 2463 uenias?
614 2396 684 2463 lam
705 2395 803 2464 istinc
822 2407 854 2464 et
873 2395 1048 2483 comprime
1067 2415 1225 2482 gressum.

216 2507 407 2577 Sanctorum
427 2509 479 2579 hic
497 2511 588 2579 locus
607 2519 656 2578 est
675 2531 731 2599 per
749 2521 894 2599 tempora
913 2521 1028 2580 cuncta
1046 2518 1201 2579 sacratus.
1227 2538 1241 2572 r>

216 2621 265 2689 Ab
284 2622 336 2690 his
355 2633 512 2711 prostrata
530 2624 666 2697 discedit
683 2624 841 2693 daemonis
859 2626 919 2693 atri

215 2736 294 2803 Atra
312 2737 394 2822 lues,
415 2737 518 2804 soedos
537 2748 687 2805 eructans
706 2747 817 2805 ventre
833 2738 988 2826 liquores,
1332 2733 1374 2800 15

216 2849 350 2918 Saucius
369 2859 401 2918 et
419 2852 563 2918 Loetheis
583 2867 618 2919 se
637 2872 713 2920 mox
732 2851 936 2920 commiscuit
956 2851 1066 2936 undis,
1123 2854 1128 2861 ’

218 2967 314 3044 [not.
339 2981 423 3035 uzo
444 2970 492 3046 νο]
519 2965 629 3053 Cocyti
649 2974 763 3054 stagna
786 2966 851 3033 alta
876 2974 989 3054 petens
1014 2965 1220 3054 Stygiamque
1243 2983 1300 3052 pa-

217 3077 379 3145 Turbidus
398 3077 451 3145 hic
468 3098 560 3146 coeno
579 3088 732 3166 vastaque
751 3078 902 3167 voragine
921 3099 1039 3166 gurges
1165 3078 1298 3161 [ludem.

215 3193 356 3279 AEstuat,
377 3203 473 3280 atque
492 3192 752 3280 omnem-Cocyti
772 3202 894 3260 eructat
913 3210 1055 3259 arenam.

215 3306 354 3374 Portitor
372 3306 431 3373 luas
449 3304 630 3373 horrendus
649 3324 749 3393 aquas
768 3316 801 3373 et
818 3304 953 3372 flumina
971 3313 1089 3389 servat,
1329 3300 1380 3368 20²

215 3417 362 3485 Terribili
382 3418 532 3505 squalore
550 3417 657 3506 niger,
678 3418 728 3485 cui
749 3417 885 3504 plurima
904 3428 1015 3486 mento
1251 3425 1255 3436 “

215 3531 356 3598 Canities
373 3531 495 3599 inculta
509 3531 611 3620 jacet3
632 3542 718 3599 stant
737 3531 861 3599 lumina
880 3533 1035 3617 flammae,

214 3645 372 3714 Sordidus
391 3665 429 3713 ex
449 3646 593 3715 humeris
613 3647 699 3714 nodo
718 3646 877 3734 dependet
896 3647 1048 3731 amictus,

215 3760 257 3827 Et
275 3759 460 3850 lermginea
479 3761 647 3832 subvectat
664 3779 798 3850 corpora
816 3762 932 3830 torma.

206 4044 318 4116 Xlllll.
342 4085 382 4099 -
404 4051 566 4131 Quomodo
585 4069 605 4116 a
623 4051 765 4116 vicesimo
784 4052 886 4115 etatis
905 4067 970 4113 suo
988 4055 1016 4112 et
1032 4050 1136 4131 primo
1155 4047 1272 4114 vixerit

433 4185 532 4249 uano,
552 4174 582 4230 ct
601 4167 638 4230 dc
657 4164 1039 4256 uestibusjcjttsscilicinae.
1159 4177 1161 4184 ·

263 4390 377 4475 Qualia
396 4390 531 4483 maturis
550 4409 608 4479 per
626 4401 771 4480 tempora
789 4389 904 4460 vixerit
922 4388 1018 4460 aunis
1071 4409 1078 4422 ·
