3459 5667
612 605 791 674 ³57-

575 949 750 1024 CAPUT
785 949 826 1023 ΙΙ

191 1197 240 1265 Do
256 1199 381 1281 eprepio
397 1197 535 1280 ejusdem
553 1195 645 1261 laude
662 1202 694 1259 ct
711 1197 866 1260 uirtutem
883 1194 1101 1263 distributione
1119 1205 1211 1280 otpoc

532 1311 624 1374 unito
643 1309 874 1392 conjonctione.

185 1551 214 1620 0
234 1549 420 1620 beatissime
442 1548 646 1637 Wiuualoee,
671 1548 745 1639 plus
768 1548 880 1617 mirari
902 1566 999 1637 quam
1025 1547 1144 1618 imitari
1167 1551 1267 1640 vales,

138 1674 208 1735 tam
232 1682 381 1733 sermone
406 1662 581 1751 splendens
603 1680 701 1752 quam
725 1663 875 1751 operibus
898 1663 1038 1752 fulgens,
1063 1663 1098 1730 in
1123 1661 1270 1734 docendo

139 1778 427 1870 prudentissimus,
454 1777 489 1845 in
511 1775 724 1846 custodiendo
746 1797 818 1865 quae
845 1776 942 1846 doces
967 1787 999 1846 et
1021 1777 1272 1846 demonstrando

139 1891 425 1982 vigilantissimus,
454 1899 623 1959 ettamen
651 1899 740 1957 tuam
768 1890 948 1959 doctrinam
976 1891 1132 1979 exemplis
1160 1891 1273 1960 fulcire

140 2028 211 2077 non
239 2007 373 2076 desinis.
394 2006 472 2074 Plus
499 2025 607 2092 opere,
633 2005 781 2095 quamvis
806 2025 846 2074 ex
874 2014 1025 2095 utroque,
1051 2023 1148 2094 quam
1175 2004 1273 2074 uerbo
1321 1997 1343 2066 5

142 2121 300 2207 aedificas,
324 2119 449 2188 monita
471 2119 564 2186 factis
585 2124 682 2201 [mol.
698 2123 766 2200 os]
787 2118 948 2208 precellis‚
969 2118 1043 2208 quia
1064 2139 1130 2187 non
1148 2127 1274 2188 tantum

141 2237 204 2306 tibi
223 2236 308 2326 quod
327 2235 400 2303 aliis
414 2235 510 2324 jubes
533 2252 628 2324 agere
651 2234 781 2320 sufficit,
803 2233 860 2302 sed
887 2234 971 2302 ultra
996 2253 1078 2321 pene
1100 2234 1185 2302 uires
1203 2254 1276 2303 om-

142 2352 237 2420 nium
271 2359 343 2437 post
371 2349 537 2438 apostolos
565 2346 769 2415 conscendis.
800 2347 881 2428 Quis
908 2348 996 2415 euim
1027 2357 1092 2415 tam
1123 2347 1212 2415 mitis
1242 2348 1276 2416 in

144 2465 324 2536 erudiendo
344 2463 483 2533 inveniri
502 2463 630 2552 potest?
645 2462 767 2530 Omnes
786 2472 894 2530 tamen
913 2461 971 2530 tibi
991 2463 1180 2531 coherentes
1198 2461 1278 2530 aedi-

144 2582 237 2650 ficas.
255 2579 335 2661 Quis
354 2579 388 2646 in
408 2579 497 2647 omni
518 2595 669 2646 sermone
683 2586 749 2643 tam
769 2585 897 2660 cautus,
913 2594 1008 2662 opere
1029 2586 1136 2645 tamen
1150 2579 1277 2646 serven·
1304 2575 1347 2644 10

144 2693 317 2764 tissimus?
336 2692 416 2774 Quis
440 2692 475 2759 in
503 2691 654 2759 omnibus
678 2699 743 2757 tarn
768 2690 923 2775 clemens,
944 2692 1065 2778 omnia,
1087 2692 1179 2779 quasi
1199 2712 1279 2779 pru-

147 2806 359 2876 dentissimus
379 2804 595 2892 dispensator,
613 2802 791 2871 secundum
811 2803 898 2890 quod
917 2813 1044 2891 tempus
1063 2804 1207 2892 postulat
1224 2813 1280 2872 aut

147 2939 214 3005 res,
230 2916 374 2985 iaciens?
388 2916 470 2984 Nam
486 2915 645 3005 quosdam
658 2915 828 2982 verborum
843 2915 1017 2984 relectione
1031 2916 1166 3004 enutris,
1182 2935 1281 3005 quos-

149 3031 225 3100 dam
248 3038 356 3098 autem
374 3029 457 3097 bene
480 3027 609 3096 vivendi
635 3027 781 3115 exemplo
800 3027 972 3115 informas,
993 3029 1074 3096 alios
1094 3048 1150 3096 our
1172 3027 1280 3116 tepide

149 3143 342 3236 pigritantes
361 3141 511 3210 sederent
528 3141 763 3229 improperans,
783 3151 917 3228 paterno
942 3141 1056 3209 affectu
1079 3140 1120 3208 ad
1138 3141 1282 3209 studium
1308 3139 1352 3210 15

149 3263 246 3332 honae
259 3260 396 3330 actionis
410 3279 518 3328 mores
536 3259 726 3348 corrigendo
740 3259 875 3344 incitas3
896 3260 1005 3326 omnia
1020 3258 1183 3344 omnibus,
1200 3258 1284 3327 sicut

151 3381 197 3449 ait
221 3379 402 3467 apostolus,
427 3377 544 3465 lactus,
575 3387 612 3446 ut
639 3396 752 3447 omnes
777 3379 811 3445 in
831 3377 958 3448 Christo
982 3376 1196 3445 lucrilaceres.
1218 3377 1285 3444 Aut

152 3493 241 3563 enim
267 3491 382 3560 leniter
404 3492 579 3579 monendo,
603 3502 659 3560 aut
682 3491 881 3561 obsecrando
904 3500 960 3558 aut
987 3489 1197 3580 increpando,
1229 3501 1286 3558 aut

153 3607 330 3693 interdum,
355 3606 383 3674 si
408 3606 586 3674 necessitas
611 3616 751 3695 urgeret,
772 3624 882 3693 paenas
904 3605 1144 3693 comminando,
1170 3623 1285 3674 omnes
1324 3607 1326 3612 ’

153 3721 195 3790 ad
219 3719 384 3790 Christum
407 3719 521 3788 nitoris
547 3719 724 3788 conciliari.
747 3719 828 3801 Quis
846 3736 1001 3808 umquam
1020 3719 1054 3786 in
1079 3738 1168 3806 suen,
1189 3738 1286 3798 omne
1310 3718 1356 3788 20

151 3832 311 3924 J’udicium
343 3831 562 3901 misericordia
597 3839 693 3915 [uel.
716 3847 772 3902 oo
798 3839 847 3915 m]
882 3831 1043 3919 exaltans,
1079 3841 1145 3898 tam
1178 3830 1287 3901 suavis

154 3956 189 4016 et
206 3944 310 4014 dulcis
327 3945 466 4014 inveniri
486 3954 608 4033 potest?
626 3945 731 4013 Nichil
755 3955 863 4014 tamen
886 3944 1098 4034 neglegentiae
1118 3944 1287 4013 inconsul-

157 4069 226 4128 tum
262 4058 402 4148 ducens,
439 4079 481 4128 ne
517 4067 572 4127 aut
608 4049 739 4148 propter
776 4047 995 4127 remissiorem
1033 4057 1287 4125 misericordiam

70 4251 76 4260 ‚
158 4174 318 4264 segnioies
345 4183 378 4242 et
399 4173 483 4242 mala
509 4173 665 4242 securitas
689 4181 721 4240 et
745 4172 820 4241 indo
844 4171 995 4261 superbia
1016 4170 1105 4239 nasci
1130 4172 1181 4240 uel
1204 4191 1287 4240 enu-

159 4289 231 4359 triri
262 4299 384 4379 posset.
413 4291 462 4365 Ex
487 4307 552 4378 quo
583 4299 692 4358 tamen
719 4290 844 4357 cunctis
869 4287 1058 4357 clementior
1080 4294 1114 4355 et
1139 4284 1288 4354 modera—
1314 4286 1359 4356 25

155 4391 226 4478 tior
243 4408 432 4498 apparuisti,
461 4407 519 4476 tibi
544 4407 606 4476 soli
628 4407 853 4477 inclementior
876 4405 984 4493 fuisti3
1012 4404 1172 4505 universis
1195 4402 1287 4493 quasi
