3459 5667
581 597 759 666 ..97-

104 753 234 823 semper
252 734 463 824 precogitent,
486 734 637 804 ultimum
660 746 693 804 et
717 733 863 804 divinum
886 735 988 822 [mot.
1011 751 1091 807 aua
1115 741 1166 819 ro]
1182 721 1238 825 ju·

105 850 228 920 dicium
247 850 395 938 timeant,
416 850 493 940 quia
518 861 583 920 tam
605 870 752 920 amarum
778 861 829 920 est
856 851 999 919 incidere
1026 852 1058 919 in
1079 851 1239 940 judicium

105 965 167 1033 Dei
195 964 347 1050 viventis,
372 975 405 1033 et
433 965 509 1053 quia
538 985 643 1034 sermo
669 965 850 1046 Deivivax
875 974 925 1033 est
952 973 984 1032 et
1012 965 1241 1054 penetrabilior

106 1077 198 1146 omni
221 1076 327 1166 gladio
355 1079 500 1167 ancipiti,
522 1079 574 1147 cui
603 1078 702 1147 nichil
732 1087 893 1147 secretum
915 1088 976 1146 est.
998 1079 1097 1167 Cujus
1121 1089 1241 1148 terrore

106 1201 292 1260 commotus
310 1192 407 1261 etiam
427 1195 583 1283 propheta
606 1195 677 1284 ipse
695 1194 821 1263 dicebat
843 1223 850 1262 :
875 1221 889 1254 u
912 1194 982 1276 Quo
1006 1193 1059 1262 ibo
1083 1213 1102 1263 a
1125 1195 1241 1283 spiritu
1289 1206 1311 1274 5
1438 1262 1441 1268 .

106 1312 168 1371 tuo
187 1314 219 1372 et
238 1326 302 1394 quo
321 1325 340 1374 a
359 1307 439 1375 facie
458 1317 515 1376 tua
533 1307 674 1397 fugiam?
688 1308 722 1377 Si
738 1307 913 1376 ascendero
928 1308 962 1374 in
977 1308 1104 1396 caelum,
1121 1318 1156 1377 tu
1176 1309 1243 1376 illic

109 1436 163 1504 es,
184 1417 212 1486 si
232 1419 428 1488 descendero
447 1419 488 1488 ad
505 1420 682 1507 infernum,
703 1420 792 1489 ades.
812 1448 827 1481 »
850 1421 891 1487 Et
909 1421 966 1488 tali
986 1421 1151 1489 concludit
1170 1442 1241 1490 ser-

111 1551 236 1600 mone:
262 1560 277 1594 s
300 1534 383 1617 Quia
409 1534 549 1611 tenebrae
572 1554 638 1602 non
664 1534 960 1602 obscurabuntura
984 1543 1029 1620 te,
1054 1544 1087 1603 et
1114 1535 1188 1624 quia
1206 1545 1243 1603 tu
1302 1623 1304 1630 y

111 1645 282 1734 possedisti
302 1667 397 1716 renes
415 1667 518 1733 meos,
541 1648 712 1738 suscepisti
732 1648 842 1716 mede
865 1659 958 1716 utero
977 1648 1089 1716 matris
1108 1669 1200 1716 meae.
1225 1676 1241 1710 a
1297 1633 1302 1644 ’

112 1759 147 1827 Si
167 1759 221 1828 ille
238 1780 406 1848 possessor
423 1763 549 1830 renium
569 1772 630 1849 est,
651 1763 724 1852 quis
743 1763 869 1830 renium
893 1762 999 1830 lluxus
1026 1762 1243 1830 titillationem
1271 1774 1314 1844 10

35 1906 36 1913 κ
112 1873 216 1943 celare
234 1875 351 1962 poterit
368 1886 444 1944 aute
462 1876 573 1943 illum?
592 1876 763 1944 Faciamus
777 1895 853 1964 ergo
873 1875 959 1965 quod
980 1885 1151 1964 sequenter
1169 1894 1245 1964 pro-

111 1987 209 2073 pheta
226 1996 372 2055 acturum
396 2008 432 2056 se
450 2009 521 2056 esse
540 1989 748 2077 promittebat
766 1989 878 2057 dicens
899 2015 907 2056 ι
932 2015 947 2049 α
969 1988 1243 2074 Gordianorum,

113 2099 264 2187 Domine,
284 2101 360 2189 quia
378 2101 565 2170 terribiliter
583 2102 808 2190 magnificatus
822 2122 857 2170 es
875 2101 1085 2190 »etreliqua
1102 2103 1142 2170 Et
1157 2101 1245 2190 quod

115 2213 192 2281 alibi
209 2239 218 2281 :
240 2214 524 2303 «Preoccupemus
539 2215 653 2283 laciem
667 2215 738 2304 ejus
751 2218 785 2283 in
801 2215 1018 2302 confessione,
1037 2222 1134 2297 [For.
1151 2219 1245 2296 1⁰0]

115 2335 148 2394 et
165 2325 200 2392 in
220 2326 356 2415 psalmis
370 2327 547 2415 jubilemus
567 2327 609 2396 ei.
635 2356 648 2390 a
671 2328 767 2396 Prius
785 2347 861 2419 ergo
880 2327 1009 2398 accedat
1028 2326 1187 2396 confessio
1207 2327 1247 2396 de
1272 2321 1316 2412 13

114 2439 213 2508 corde
231 2459 325 2530 pura,
345 2440 462 2510 deiude
480 2451 634 2531 sequatur
652 2442 843 2530 psalmodia.
869 2470 884 2503 ε

161 2554 322 2622 Olratres
344 2554 522 2640 karissimi,
544 2556 612 2624 lraec
636 2555 720 2643 apud
745 2574 803 2623 vos
823 2555 920 2644 agite.
942 2553 1148 2624 Festinamus
1170 2573 1247 2644 ergo

115 2668 157 2736 ad
184 2669 307 2738 bonum
335 2669 422 2757 quod
450 2689 577 2757 semper
603 2680 669 2754 est3
699 2669 921 2759 relinquamus
948 2671 1131 2759 spernendo
1159 2666 1246 2758 quod

115 2803 184 2850 non
213 2803 340 2870 semper
364 2783 478 2851 stabile
504 2792 565 2852 est.
593 2784 741 2872 Regnum
771 2783 937 2870 adeamus,
962 2782 1101 2852 vitemus
1127 2783 1245 2852 lacum.

116 2897 224 2965 Vitam
248 2895 472 2984 emendemus,
492 2917 600 2964 mores
623 2897 834 2985 corrigamus,
855 2896 1035 2965 castitatem
1060 2897 1246 2986 diligamus,
1272 2913 1319 2982 20

116 3009 278 3078 luxuriam
296 3010 372 3078 odio
397 3010 583 3078 habeamus.
606 3010 805 3098 Speruamus
827 3027 923 3097 apros
945 3008 1134 3096 inmundos,
1159 3028 1248 3078 ame·

116 3144 194 3192 mus
213 3104 316 3212 agnos
338 3124 461 3192 nistros
484 3124 572 3192 tritus
599 3125 685 3213 agn
713 3123 919 3192 nunonem
946 3134 1043 3213 nque
1071 3123 1247 3212 purissimi,

117 3240 175 3330 qui
207 3259 303 3327 super
325 3238 475 3306 verticem
500 3237 622 3306 montis
645 3238 724 3307 Sion
750 3236 904 3326 presidet,
930 3237 981 3304 cui
1004 3256 1078 3304 cum
1101 3237 1195 3303 Patre
1218 3242 1250 3302 et

118 3352 244 3441 Spiritu
267 3352 387 3421 Sancto
410 3353 515 3420 honor
536 3360 570 3422 et
596 3352 767 3440 imperium
790 3349 898 3419 estin
922 3350 1031 3418 secula
1053 3348 1247 3418 seculorum.

116 3469 239 3537 Amen.
1274 3455 1321 3526 25

501 3691 676 3766 CAPUT
711 3689 871 3764 XXVII

171 3941 219 4007 De
236 3943 365 4008 molare
382 3940 486 4007 sabito
502 3941 626 4006 cecitate
641 3939 798 4024 perculsa,
817 3937 870 4002 sed
889 3935 929 4002 od
947 3935 1052 4000 codem
1069 3941 1195 4001 sauata.

167 4180 317 4249 Preterea
334 4198 463 4269 quoque
481 4178 543 4246 alia
561 4196 613 4245 res
631 4176 729 4265 digna
751 4173 847 4244 laude
872 4170 1065 4262 predicanda
1083 4181 1133 4241 est
1154 4177 1252 4254 [For.

124 4311 209 4365 108
231 4299 283 4376 vo]
303 4314 375 4382 quae
394 4293 455 4361 sub
469 4290 604 4360 articulo
623 4289 767 4379 ejusdem
787 4287 952 4375 temporis,
968 4305 1070 4374 nuper
1088 4285 1166 4353 dum
1186 4284 1255 4350 haec

122 4411 170 4480 ita
187 4429 224 4478 se
240 4410 408 4498 haberent,
428 4419 556 4498 peracta
580 4419 641 4477 est.
663 4406 816 4490 Quaedam
839 4405 947 4493 itaque
969 4403 1097 4491 mulier,
1118 4398 1253 4469 nobilis·

1096 4522 1111 4570 r
