3459 5667
625 614 800 683 ...85-

143 749 255 821 dicens
285 777 294 820 :
334 777 348 812 a
382 748 549 836 Recedite3
579 770 637 818 our
664 752 762 822 stulte
794 752 912 843 agitis?
938 751 1036 821 nichil
1061 750 1151 822 enim
1175 751 1276 844 prori-

143 868 228 936 eitis.
262 895 277 928 a
311 866 449 934 Putabat
479 866 621 934 animam
654 867 723 957 ejus
751 867 857 937 adbuc
889 867 975 935 intra
998 867 1143 935 membra
1170 869 1275 937 eonti-

143 982 226 1069 neri,
252 989 348 1064 [nol.
370 987 440 1063 οε]
459 991 489 1050 et
512 999 642 1069 aspersa
661 1003 757 1071 super
780 982 916 1052 cadaver
940 983 1008 1071 jam
1033 980 1174 1069 gelidum
1194 1000 1276 1071 aqua

143 1097 374 1166 sanctificata:
404 1095 614 1183 «Damione,
645 1097 764 1185 inquit,
792 1097 909 1167 Jbesus
934 1095 1095 1180 Christus,
1123 1097 1157 1164 in
1185 1099 1276 1189 cujus
1407 1187 1410 1194 Ι

142 1211 275 1280 nomine
301 1210 455 1299 magister
482 1231 575 1279 meus
602 1210 759 1299 plurimas
786 1212 852 1301 jam
877 1211 952 1279 lecit
974 1211 1121 1298 virtutes,
1148 1213 1216 1300 ipse
1244 1222 1276 1280 te
1324 1211 1346 1280 5

142 1344 258 1395 sanare
275 1326 436 1415 dignetur.
455 1352 470 1385 a
487 1325 537 1393 llli
552 1335 659 1394 autem
674 1327 729 1414 qui
744 1326 824 1395 loris
838 1326 967 1395 stabant
981 1326 1170 1416 deridebant
1185 1348 1272 1416 eum,

141 1440 219 1529 quia
237 1440 381 1509 sciebant
399 1457 469 1508 eam
481 1440 549 1529 jam
562 1439 662 1508 luisse
676 1450 835 1509 mortuam
850 1441 1039 1530 priusquam
1054 1441 1109 1509 ille
1123 1441 1275 1510 advenis·

143 1562 204 1622 set.
225 1553 355 1640 Atilia,
376 1553 469 1642 quasi
489 1554 529 1622 de
552 1574 667 1622 somno
691 1554 840 1640 excitata,
861 1555 925 1624 cito
950 1555 1102 1642 surrexit,
1122 1565 1155 1623 et
1178 1575 1276 1643 super

142 1667 261 1735 lectum
280 1687 376 1734 suum
395 1666 541 1736 residens
560 1667 711 1737 sudorem
730 1690 826 1737 suum
845 1670 1001 1757 tergebat,
1023 1670 1115 1759 quasi
1135 1669 1175 1737 de
1194 1688 1274 1758 quo·

142 1779 217 1847 dam
237 1799 302 1847 non
327 1778 389 1848 levi
414 1780 524 1849 labore
542 1791 718 1850 revertens.
740 1780 789 1849 lili
814 1802 889 1850 vero
912 1781 968 1871 qui
993 1784 1083 1871 prius
1102 1783 1195 1850 illum
1215 1777 1272 1850 d'e·
1301 1789 1344 1870 10

140 1895 279 1963 riserant
297 1894 481 1962 eeoiderunt
496 1895 587 1981 proni
602 1895 637 1961 in
656 1905 775 1963 terram
789 1904 865 1964 ante
884 1895 981 1983 pedes
999 1897 1081 1986 ejus,
1098 1897 1273 1966 Dominum

140 2007 356 2096 glorificantes
373 2017 470 2096 atque
488 2007 633 2076 dieentes
655 2037 662 2076 :
687 2036 702 2068 α
725 2009 806 2077 Vere
825 2009 992 2099 proximus
1011 2011 1080 2105 Deo
1097 2020 1160 2094 est,
1180 2011 1273 2100 cujus

141 2143 198 2212 per
215 2123 453 2191 invocationem
472 2122 651 2212 discipulus
669 2123 731 2192 boe
749 2123 939 2212 maximum,
956 2123 1031 2194 lieet
1050 2124 1107 2193 illo
1126 2117 1271 2212 absente,

139 2237 247 2328 potuit
266 2238 370 2306 lacere
389 2237 530 2327 signum.
556 2264 570 2299 a

183 2355 242 2423 llla
255 2355 371 2424 deiude
385 2356 579 2445 interrogata
590 2357 630 2424 ad
644 2377 716 2445 quae
729 2356 799 2425 lora
812 2356 863 2425 rel
878 2375 897 2424 a
911 2357 1030 2445 quibus
1041 2364 1137 2439 [nol.
1150 2375 1205 2427 aa
1217 2363 1268 2442 vo]
1297 2358 1342 2430 15

138 2490 174 2540 se
202 2470 277 2538 duei
304 2469 451 2555 vidisset,
479 2471 542 2539 boc
566 2469 663 2538 modo
689 2470 813 2539 dicebat
839 2497 847 2538 :
873 2498 888 2531 o
917 2453 1080 2540 Videbam
1097 2472 1180 2539 eirea
1204 2491 1268 2559 me,

137 2596 318 2655 extremum
336 2585 523 2675 priusquam
547 2586 703 2654 anelitum
727 2586 922 2671 amitterem,
943 2587 1099 2675 quosdam
1126 2587 1269 2655 homun-

136 2703 229 2771 culos
251 2702 284 2769 in
308 2701 441 2770 modum
464 2702 641 2770 carbonum
667 2700 844 2791 gelidorum
869 2702 1074 2792 nigerrimos,
1103 2701 1143 2770 ad
1170 2702 1269 2770 devo-

135 2817 274 2885 randum
297 2836 350 2884 me
372 2825 502 2904 paratos
525 2826 569 2903 et,
596 2834 670 2883 eum
697 2814 900 2901 devorarent,
928 2815 962 2881 in
987 2815 1126 2884 vinculis
1152 2817 1269 2885 iterum

136 2931 306 3021 ligaturas,
325 2931 427 2998 multa
446 2939 607 2998 tormenta
625 2928 862 3017 promittentes.
890 2927 983 3012 Quod
1009 2928 1117 2996 statim
1143 2929 1190 2996 sio
1216 2949 1269 2997 se·
1293 2938 1339 3011 20

136 3056 232 3116 cutus
256 3054 304 3114 est
328 3054 479 3129 eventus3
509 3063 584 3112 nam
608 3044 672 3112 cito
695 3053 730 3111 ut
756 3063 774 3110 e
796 3062 930 3130 corpore
953 3041 1060 3129 elapsa
1082 3051 1178 3131 atque
1201 3062 1268 3110 non

135 3161 252 3230 leniter
270 3172 360 3251 rapta
379 3159 509 3246 fuerim,
529 3160 604 3228 tetri
624 3159 719 3227 cunei
738 3157 1020 3228 circumdederunt
1044 3178 1097 3226 me
1120 3166 1152 3226 et
1171 3156 1268 3245 pedes

19 3338 20 3346 ,
134 3295 227 3345 meos
245 3295 319 3344 oum
338 3274 489 3342 manibus
508 3271 779 3361 circumligantes,
800 3291 858 3361 per
876 3288 988 3359 aspera
1008 3271 1048 3339 ad
1071 3271 1134 3338 alia
1158 3271 1268 3341 trabe-

134 3389 214 3457 bant
231 3409 284 3457 me
302 3388 453 3471 multum,
467 3395 505 3455 ut
523 3386 684 3469 dicebant,
700 3383 861 3472 asperiora
877 3385 958 3452 loca.
976 3387 1030 3470 At,
1047 3405 1120 3454 oum
1136 3384 1267 3474 quidem

134 3503 317 3573 exultantes
336 3523 388 3570 me
409 3521 466 3591 per
489 3500 644 3568 immania
667 3499 787 3568 vellent
814 3499 1033 3567 miserabilem
1053 3501 1179 3568 trabere
1199 3510 1266 3568 tor·
1291 3506 1336 3578 25

133 3628 257 3705 menta,
287 3629 420 3687 sanetus
446 3617 586 3685 obviavit
613 3615 848 3700 Uuinualoeus,
878 3615 1063 3684 terribiliter
1087 3635 1266 3704 personans

133 3753 171 3803 ao
200 3733 348 3802 dieens:
386 3761 401 3794 u
436 3731 595 3800 Dimittite
627 3732 711 3799 bane
742 3737 839 3813 [nol.
862 3735 930 3812 aa]
968 3729 1079 3797 miebi.
1115 3730 1157 3798 Ut
1188 3729 1265 3819 quid

133 3848 222 3918 enim
242 3858 308 3916 tam
327 3845 478 3914 audacter
493 3847 555 3915 boo
573 3844 681 3914 scelus
699 3843 733 3910 in
757 3862 860 3912 meam
882 3851 1065 3931 perpetrare
1084 3844 1265 3930 temptastis

132 3961 312 4032 famulam?
333 3989 348 4022 a
370 3960 421 4027 llli
439 3958 635 4028 consternati
655 3969 751 4047 atque
769 3956 939 4044 stupefacti
958 3974 1135 4043 repugnare
1155 3957 1264 4025 volen-

133 4089 196 4166 tes,
217 4077 275 4146 sed
299 4085 421 4159 tamem
440 4074 550 4143 dirino
575 4084 716 4142 terrente
739 4069 886 4159 imperio,
907 4088 972 4137 non
996 4069 1164 4157 audentes,
1190 4081 1263 4140 tau·
1290 4073 1334 4152 30

132 4191 209 4261 dem
236 4190 312 4258 huie
339 4190 408 4257 rim
430 4187 488 4257 Ilei
517 4186 718 4277 reliquerunt
740 4194 772 4252 et
794 4183 834 4252 ab
859 4181 1008 4251 hostibus
1036 4183 1203 4253 liberatam
1227 4187 1261 4254 in

132 4308 195 4375 boo
213 4326 266 4374 me
284 4304 397 4390 voluit,
418 4304 484 4372 lieo
502 4301 707 4391 propitiante,
728 4296 914 4367 recollocari
933 4297 1135 4388 corpusculo.
1160 4325 1174 4360 a

177 4421 302 4492 Exinde
320 4420 425 4511 magis
446 4418 613 4508 magisque
632 4417 789 4507 jamnon
812 4413 1008 4483 monachum
1030 4412 1087 4482 sed
1110 4415 1261 4505 angelum
