3459 5667
930 566 1105 633 42..

450 707 556 777 adbuc
573 714 666 776 aetate
682 706 886 795 perspicuus,
906 725 966 774 nec
983 705 1122 775 multum
1141 715 1215 796 post
1233 706 1399 796 temporis,
1414 708 1479 777 beu
1496 707 1578 797 prob

450 822 557 893 dolor!
579 824 752 891 immatura
771 830 874 892 morte
890 832 1078 909 preventus,
1098 822 1224 891 caecinit
1244 848 1252 891 :

673 1016 755 1111 Cum
775 1061 840 1110 non
859 1040 993 1111 baberet
1010 1050 1191 1130 terrestres,

559 1160 561 1163 ’
672 1156 773 1225 Gazas
792 1155 944 1244 prebebat
961 1157 1120 1227 coelestes.

400 1382 423 1451 5
493 1377 551 1448 lile
569 1397 710 1468 quoque,
731 1377 816 1445 sicut
833 1375 874 1445 de
891 1377 1033 1466 quodam
1051 1378 1207 1466 scriptum
1230 1391 1292 1465 est,
1312 1380 1442 1448 lucerna
1461 1380 1578 1451 ardens

452 1497 549 1577 [mot.
566 1498 633 1575 aa]
653 1499 722 1559 erat
739 1500 771 1559 et
793 1489 917 1559 lucens.
939 1489 1066 1559 Ardens
1084 1490 1203 1580 quippe
1220 1500 1290 1560 erat
1307 1492 1402 1582 cujus
1424 1492 1489 1561 vita
1511 1513 1577 1562 non

449 1603 653 1693 discrepata
676 1603 839 1690 doctrinm
864 1604 982 1673 ardens
1009 1614 1079 1673 erat
1105 1605 1138 1672 in
1162 1606 1383 1694 proximorum
1412 1606 1578 1675 meliorem

450 1717 534 1786 riam
551 1717 816 1787 instruendorum
835 1736 962 1802 amore3
987 1719 1112 1805 lucens,
1133 1720 1292 1788 sermonis
1312 1719 1495 1808 exemplum
1518 1720 1577 1789 bo·

450 1851 530 1899 num
553 1831 717 1921 prebendo
740 1831 894 1900 continua
917 1831 1166 1900 ministratione.
1191 1833 1233 1900 Et
1257 1832 1341 1901 siout
1365 1832 1464 1922 ignis,
1488 1833 1580 1921 cujus

379 1944 424 2013 to
451 1965 536 2035 saepe
555 1945 654 2013 moris
673 1954 723 2013 est
742 1954 790 2030 nt,
816 1945 1031 2034 quantoplus
1053 1945 1115 2013 sub
1135 1944 1245 2013 addito
1263 1945 1462 2015 nutrimento
1479 1945 1581 2014 subo·

450 2068 553 2143 cetur,
569 2067 659 2126 tanto
678 2057 910 2145 propemodum
928 2057 1024 2125 altius
1043 2058 1175 2125 incenso
1194 2058 1334 2147 erigatur
1352 2058 1517 2145 alimento,
1533 2060 1581 2127 sic

451 2172 524 2259 iste,
546 2182 668 2261 quanto
687 2191 722 2240 se
736 2170 892 2240 voluisset
905 2170 966 2239 sub
984 2170 1113 2239 silentio
1127 2171 1244 2255 teneri,
1263 2181 1353 2243 tanto
1371 2172 1583 2262 dispensante

450 2268 646 2376 quandoque
660 2295 692 2356 et
705 2303 801 2373 opere
818 2284 916 2353 simul
930 2284 1155 2353 manifestatus
1168 2284 1292 2354 mundo
1304 2293 1353 2355 est
1370 2296 1404 2355 et
1416 2305 1578 2355 sermone.

782 2590 786 2595 ’
894 2628 1137 2703 nneunx

452 2870 544 2949 Quod
561 2870 650 2937 aliud
666 2872 708 2935 sit
725 2869 857 2953 quotide
870 2817 1020 2935 ἀοξινίηω
1032 2887 1095 2934 osa
1108 2876 1201 2952 atque
1214 2869 1373 2953 discipline
1387 2870 1579 2957 didiscimus,

735 2986 823 3051 aliod
840 2986 924 3067 qood
941 2986 978 3050 da
995 2986 1150 3053 miraculo
1167 2988 1294 3052 scimus.

495 3220 562 3289 Neo
579 3218 690 3287 mirari
708 3238 790 3307 opus
808 3227 859 3287 est
876 3238 935 3287 eur
956 3218 1022 3305 bie,
1046 3218 1102 3308 qni
1120 3218 1154 3288 in
1173 3218 1230 3287 tali
1252 3228 1345 3287 aetate
1363 3218 1469 3287 adhuc
1489 3218 1581 3307 posi-

382 3341 425 3409 15
452 3346 506 3405 tus
532 3335 737 3423 describitur,
761 3354 861 3405 ausus
883 3337 928 3406 sit
949 3347 982 3406 et
1009 3338 1090 3406 alios
1116 3338 1289 3407 informare
1316 3356 1479 3422 sermone,
1503 3356 1580 3405 oum

451 3448 631 3520 Hieremias
662 3448 712 3517 vel
748 3450 861 3519 Daniel
899 3450 989 3539 pueri
1021 3451 1198 3541 prophetiae
1230 3449 1345 3539 spiritu
1376 3450 1578 3538 replentur:

454 3570 552 3647 [moa.
574 3581 625 3635 aa
650 3564 703 3653 νο]
726 3582 863 3653 quorum
887 3563 944 3631 uni
965 3563 1094 3651 dicitnr,
1119 3584 1194 3633 cnm
1218 3584 1253 3633 se
1276 3582 1428 3632 excusare
1450 3572 1581 3652 propter

452 3678 555 3749 aetatis
574 3678 776 3746 teneritatem
799 3677 897 3745 vellet
917 3706 925 3745 z
949 3704 965 3738 a
987 3676 1060 3746 Noii
1079 3677 1184 3746 dicere
1205 3681 1290 3760 Quia
1308 3698 1391 3762 poor
1412 3698 1468 3761 epo
1493 3696 1578 3763 som,

451 3793 527 3881 quia
544 3793 585 3861 ad
603 3792 713 3861 omnia
735 3811 807 3881 quae
829 3790 957 3859 mittam
981 3800 1014 3860 te
1033 3791 1110 3878 ibis,
1134 3801 1168 3861 et
1190 3792 1341 3860 universa
1366 3808 1581 3881 quoecumque

381 3908 426 3977 20
452 3907 510 3975 tibi
529 3906 723 3977 mandavero
743 3904 900 3995 loqueris,
925 3934 940 3967 s
961 3916 994 3974 et
1011 3906 1093 3975 alter
1109 3905 1289 3994 grandevus
1307 3905 1382 3974 licat
1400 3926 1492 3994 puer,
1510 3905 1580 3974 Deo

452 4022 602 4111 spiritum
629 4021 699 4111 ejus
732 4020 923 4108 suscitante,
953 4020 1074 4111 judicat
1102 4021 1310 4111 presbiteros.
1339 4021 1381 4090 Et
1408 4020 1580 4091 Timotheo

452 4136 571 4206 dicitur
592 4167 600 4207 ι
624 4164 639 4198 α
659 4136 792 4224 Preoipe
818 4137 888 4205 baec
914 4146 946 4205 et
973 4136 1065 4225 doce,
1094 4157 1191 4206 nemo
1213 4136 1466 4206 adulescentiam
1487 4145 1579 4206 tuam

453 4260 673 4340 contempnat.
701 4278 717 4313 s
743 4250 808 4321 Sed
830 4249 1000 4321 sciendum
1021 4260 1129 4320 tamen
1152 4262 1203 4320 est
1227 4251 1314 4341 quod
1337 4252 1371 4320 in
1393 4270 1485 4320 sacro
1508 4251 1577 4320 elo·

454 4366 531 4457 quio
550 4385 796 4457 nonnumquam
809 4364 1027 4437 adulescentia
1041 4366 1195 4456 juventus
1208 4378 1356 4456 vocatur,
1372 4368 1460 4438 unde
1477 4367 1576 4457 scrip-
