3459 5667
943 587 1114 658 ...34-

462 730 544 800 lacta
566 730 634 801 Deo
657 728 831 821 gratiarum
857 730 996 819 actione,
1017 733 1102 801 sicut
1129 733 1233 801 luerat
1258 730 1349 820 prius
1373 731 1588 801 recollocavit.

460 850 538 919 Ales
557 870 686 939 quoque
703 850 880 939 predictus,
896 849 1019 917 nullam
1038 852 1205 919 sustinens
1218 850 1383 939 iniuriam,
1404 850 1492 939 quod
1508 851 1591 919 forte

460 984 527 1033 non
555 964 685 1051 minori,
709 974 745 1031 ut
769 964 918 1051 arbitror,
939 964 1145 1053 deputabitur
1167 964 1292 1051 virtuti,
1313 964 1438 1052 illesus,
1459 964 1591 1053 quasia

460 1080 552 1148 nullo
567 1088 795 1166 contrectatus,
807 1080 957 1148 exultans
971 1081 1108 1170 superbe
1121 1080 1309 1169 gradiendo,
1324 1091 1456 1149 extenso
1470 1079 1503 1146 in
1518 1079 1591 1147 lon·

411 1188 434 1257 5
460 1216 535 1285 gum
557 1194 652 1279 collo,
666 1194 842 1262 decantans
861 1193 970 1261 adibat
989 1193 1094 1262 socios
1112 1214 1202 1262 suos.
1219 1194 1269 1261 llli
1288 1213 1375 1280 vero,
1391 1212 1474 1282 quos
1492 1189 1591 1259 nichil

460 1308 524 1376 nisi
557 1308 706 1397 planctus
738 1316 770 1376 et
801 1307 941 1396 gemitus
974 1308 1119 1394 tenebat,
1155 1308 1222 1375 Deo
1254 1306 1447 1386 auxiliante,
1480 1304 1591 1373 dolore

459 1421 573 1490 mortis
591 1420 694 1489 arnico
713 1421 878 1509 propulso,
895 1419 1096 1509 ingaudium
1112 1441 1168 1508 per
1181 1420 1355 1489 adventum
1369 1419 1473 1488 saneti
1487 1418 1591 1485 Uuin·

459 1533 563 1603 ualoei
592 1533 738 1602 conversi
765 1544 843 1602 sunt
870 1534 1014 1603 dicentes
1045 1561 1053 1602 ε
1087 1563 1102 1595 «
1133 1534 1328 1604 Benedictus
1354 1534 1411 1623 qui
1438 1530 1590 1601 venitin

459 1647 592 1715 nomine
614 1646 759 1734 Domini,
784 1657 816 1715 et
844 1647 1033 1715 benedictos
1052 1647 1152 1737 [nor.
1167 1664 1225 1717 ao
1239 1646 1293 1737 vo]
1316 1646 1465 1736 precipue
1487 1646 1588 1729 Deus,

389 1756 435 1825 lb
460 1762 515 1852 qui
541 1762 637 1831 talem
666 1761 760 1830 nobis
788 1762 1024 1830 consolatorem
1052 1761 1155 1850 misit,
1184 1761 1241 1850 qni
1269 1760 1385 1830 cotidie
1410 1759 1591 1848 adimplens

459 1877 618 1967 promissa
647 1896 718 1963 sna,
751 1876 940 1946 mirabiliter
968 1877 1062 1967 signa
1088 1888 1121 1947 et
1145 1877 1292 1967 prodigia
1313 1877 1416 1945 multa
1440 1874 1591 1964 dignatur

459 1992 583 2082 operari
602 1991 637 2059 in
656 1991 778 2060 sanctis
797 1991 877 2060 suis.
903 2020 918 2053 a

505 2107 565 2175 His
585 2105 724 2194 denique
744 2106 850 2192 lactis,
876 2116 910 2175 et
927 2106 1049 2175 eisdem
1073 2124 1091 2175 a
1115 2127 1150 2175 se
1168 2106 1356 2195 parentibus
1374 2104 1482 2174 verbis
1501 2102 1591 2191 paci-

459 2221 528 2289 ficis
547 2229 579 2289 et
597 2219 823 2288 consolatoriis
842 2220 1043 2307 ammonitis,
1064 2230 1160 2310 atque
1181 2220 1297 2287 humili
1315 2218 1538 2288 benedictione
1553 2217 1589 2284 iu

390 2327 555 2403 ibbonis
581 2333 732 2423 operibus
761 2334 961 2403 confirmatis
989 2334 1049 2421 (sic
1075 2334 1163 2401 enim
1193 2333 1361 2422 oportebat
1387 2342 1423 2400 ut
1450 2343 1484 2401 et
1508 2350 1590 2420 quos

460 2448 654 2537 genuissent
662 2448 755 2516 illum
771 2447 847 2517 lruic
860 2448 996 2536 mundo,
1012 2447 1097 2516 idem
1112 2457 1315 2537 regeneraret
1329 2448 1438 2516 futuro
1455 2446 1587 2533 seculo),

460 2580 521 2630 nec
544 2560 598 2629 diu
623 2580 801 2648 remoram,
822 2561 1013 2651 splendente
1036 2560 1127 2650 quasi
1150 2562 1243 2631 uultu
1266 2561 1423 2651 angelico,
1444 2558 1588 2629 humilli-

461 2696 534 2745 mus
551 2676 686 2746 recurrit
704 2677 745 2746 ad
762 2697 851 2747 suos.

883 3012 1058 3087 CAPUT
1093 3012 1166 3087 XV

459 3247 539 3316 Item
563 3247 599 3313 de
626 3247 762 3331 quodem
788 3247 918 3312 alumno
944 3246 1142 3328 Jomjompoc
1172 3244 1374 3328 moribundo,
1402 3262 1424 3309 c
1453 3249 1588 3326 serpente

564 3370 736 3449 perempto,
756 3362 809 3427 sed
826 3362 865 3428 ob
884 3362 990 3426 eodem
1008 3363 1100 3445 poesi
1118 3380 1139 3427 o
1156 3370 1254 3426 morte
1271 3362 1481 3434 resuscitato.

504 3598 585 3666 Item
611 3597 651 3665 de
678 3596 881 3666 mirabilibus
908 3595 1052 3686 ejusdem
1081 3596 1204 3687 gestis,¹
1224 3596 1286 3665 hoc
1317 3599 1435 3666 lactum
1463 3597 1588 3667 videtur

388 3716 433 3786 ΞΟ
460 3710 556 3779 nobis
586 3710 720 3779 minime
752 3711 1001 3800 pretereundum
1030 3712 1165 3780 narrari.
1197 3711 1342 3794 Quadam
1373 3710 1495 3780 etenim
1523 3711 1587 3797 die,

460 3824 539 3892 dum
558 3825 688 3913 qnidam
709 3845 749 3893 ex
767 3824 933 3912 discipulis
955 3824 1032 3892 huic
1054 3824 1300 3911 commendatis,
1322 3823 1422 3915 [lter.
1437 3824 1509 3915 4¹]
1528 3845 1590 3892 no-

459 3938 549 4006 mine
567 3940 766 4028 Tetbgouus,
787 3937 897 4005 divina
914 3959 988 4007 curn
1007 3938 1150 4027 predicto
1168 3948 1280 4007 sancto
1299 3938 1445 4006 ediscens
1463 3938 1590 4026 eloquia

392 4076 395 4087 ·
460 4060 493 4120 et
507 4052 576 4140 jam
596 4072 667 4141 quae
685 4052 876 4120 dicebantur
894 4051 1042 4119 sitienter
1059 4051 1223 4141 percipere
1241 4051 1419 4140 pervalens²
1436 4051 1589 4119 mellillna

461 4164 523 4233 sibi
542 4164 659 4233 tradita
677 4164 716 4232 ab
736 4164 848 4232 eodem
863 4165 952 4233 solus
971 4185 1045 4233 cum
1064 4164 1174 4233 codice
1188 4184 1248 4233 suo
1265 4165 1421 4253 relegeret
1439 4163 1525 4231 dicta
1542 4172 1586 4247 et,

387 4283 432 4353 25
461 4278 701 4368 ingravescente
720 4278 828 4346 subito
850 4296 977 4365 somno,
1000 4279 1103 4346 sessos
1126 4278 1234 4368 sopori
1257 4276 1400 4346 dedisset
1425 4289 1528 4364 artus,
1552 4286 1590 4343 nt

459 4394 567 4465 denuo
581 4392 673 4485 quasi
692 4403 864 4464 renovatus
877 4390 1045 4484 agiliorem
1063 4402 1174 4484 posset
1187 4410 1355 4484 capescere
1373 4390 1585 4483 intellectum,
