3459 5667
908 593 1083 662 „ffl-

430 731 517 802 uude
543 732 756 802 ministraturi
783 732 817 802 in
846 733 908 803 hoc
936 735 1007 804 loco
1035 732 1123 802 sitim
1154 730 1282 822 possint
1310 729 1508 820 extinguere.
1541 759 1555 794 s

429 851 506 921 Haec
525 852 568 920 ita
587 853 642 921 ubi
657 853 791 936 dixerat,
808 851 901 941 quasi
919 852 1074 922 circulum
1092 852 1125 918 iu
1140 850 1272 919 modum
1286 851 1385 918 fontis
1400 850 1440 918 de
1454 849 1558 918 baculi

431 964 483 1034 sui
503 965 636 1054 cuspide
655 966 741 1035 lecit.
755 967 796 1034 Et
814 987 888 1034 ecce
907 986 981 1035 mox
1001 985 1091 1054 aquae
1109 964 1296 1053 largissimae
1314 984 1451 1053 egressae
1470 974 1558 1052 sunt,

430 1087 463 1147 et
491 1079 564 1146 lous
591 1091 705 1166 pateus
733 1078 970 1167 liquidissimus
993 1077 1152 1165 apparuit,
1184 1087 1216 1144 ct
1244 1077 1351 1146 statim
1376 1095 1465 1144 oram
1494 1085 1558 1143 ter·

382 1184 406 1254 5
431 1190 511 1258 mini
532 1191 582 1259 sui
603 1191 773 1275 excedens,
793 1201 906 1259 contra
928 1190 1008 1259 solis
1031 1200 1139 1258 ortum
1162 1190 1339 1279 profluens,
1360 1190 1438 1258 litus
1462 1207 1558 1278 appe-

432 1314 505 1373 tens
538 1325 573 1374 se
604 1305 724 1395 dirigit.
754 1305 885 1374 Fratres
908 1314 1029 1391 autem,
1056 1305 1134 1372 dum
1158 1305 1226 1371 haec
1250 1303 1397 1388 iaciebat,
1425 1302 1469 1369 ibi
1493 1322 1558 1369 uon

430 1427 534 1486 erant.
552 1419 704 1486 Attamen
718 1429 790 1506 post
802 1419 929 1508 jussum
944 1418 1106 1506 expletum
1121 1426 1329 1503 revertentes,
1342 1415 1487 1484 videntes
1499 1416 1559 1484 hoc

430 1550 558 1619 quoquc
576 1531 756 1619 pergrande
774 1531 978 1617 miraculum,
1000 1532 1139 1598 nrultum
1159 1531 1277 1620 gravisi
1297 1539 1385 1615 suut,
1406 1539 1438 1596 et
1456 1529 1558 1596 ileum

429 1643 526 1712 etiam
546 1645 578 1711 in
599 1645 671 1730 hoc,
688 1644 773 1712 sicut
788 1644 822 1710 in
842 1645 994 1713 omuibus
1008 1644 1080 1733 ejus
1094 1645 1280 1729 virtutibus,
1296 1642 1466 1711 laudantes
1479 1640 1558 1710 ado-

359 1750 405 1821 ld
430 1767 514 1842 rant,
535 1757 653 1846 quippe
672 1758 748 1846 quia
769 1770 876 1826 uetera
895 1759 1041 1827 renovari
1065 1759 1218 1826 miracula
1242 1756 1427 1826 cernebant.
1449 1755 1559 1824 Novus

428 1871 556 1938 videtur
574 1870 743 1959 paradisus
758 1872 825 1960 jam
844 1872 1000 1940 veraciter
1026 1871 1144 1957 dictus,
1169 1891 1208 1938 ex
1231 1890 1295 1959 quo
1313 1870 1378 1958 jam
1397 1869 1432 1936 irr
1453 1870 1559 1938 medio

429 1986 501 2053 lons
520 1996 606 2072 patet
625 1985 839 2074 largissimus.
861 1985 939 2066 Quae
967 1987 1053 2054 onim
1074 2007 1167 2054 meus
1186 1985 1315 2072 misera,
1337 1984 1411 2052 licet
1429 1985 1558 2052 mestis-

429 2101 523 2188 sima,
552 2119 649 2189 quam
678 2101 775 2168 etiam
805 2101 888 2169 situs
912 2102 1009 2190 hujus
1033 2102 1094 2170 loci
1123 2122 1189 2170 non
1218 2100 1438 2169 consolaretur
1466 2097 1559 2168 valdo

429 2220 578 2304 decorus,
594 2219 690 2287 modo
706 2220 772 2307 jam
791 2240 857 2287 nou
878 2221 983 2288 solum
1003 2220 1146 2288 arboreis
1165 2219 1329 2308 omnigeni
1350 2217 1485 2306 pomarii
1504 2236 1557 2284 ve·

358 2324 404 2398 aa
430 2332 613 2401 nustatibus
631 2332 794 2421 plantatus
821 2346 853 2402 et
882 2335 1028 2401 holerum
1051 2333 1194 2401 mirificis
1221 2331 1375 2400 odoribus
1401 2331 1556 2418 repletus,

430 2446 499 2534 sed,
516 2447 602 2535 quod
618 2447 719 2514 multo
739 2447 843 2535 majus
861 2457 922 2533 est,
939 2459 1121 2514 sanctorum
1139 2445 1201 2536 [n,
1225 2457 1297 2514 rot.
1319 2447 1392 2530 aa]
1410 2445 1557 2532 fragran-

430 2561 474 2628 tia
493 2580 663 2647 corporum
683 2560 749 2628 illic
767 2560 974 2649 pausantium
993 2560 1174 2643 decoratus,
1195 2559 1249 2647 qui
1269 2576 1473 2647 nequaquam
1492 2577 1557 2645 praa

428 2674 636 2742 multitudine
654 2674 694 2741 ab
712 2674 821 2762 aliquo
841 2683 978 2760 possunt
1000 2672 1223 2740 denumerari?

472 2787 607 2854 Videtur
625 2787 720 2854 etiam
740 2798 772 2854 et
790 2805 893 2854 novus
907 2786 1033 2873 Moyses
1048 2785 1081 2851 in
1099 2794 1233 2872 pontum
1248 2784 1446 2853 transeundo
1462 2795 1558 2874 atquc

357 2892 404 2964 20
430 2902 463 2970 in
488 2920 618 2991 aquam,
643 2900 765 2988 abjecta
788 2911 896 2967 tamen
928 2899 1148 2986 ambiguitate,
1171 2899 1301 2986 largiter
1329 2898 1554 2966 ministrando.

428 3015 562 3084 Videtur
592 3032 720 3102 quoque
747 3022 779 3080 et
797 3014 907 3080 Aaron
936 3013 1082 3080 renovari
1107 3011 1207 3100 virga,
1235 3032 1307 3080 cum
1332 3031 1420 3081 mare
1443 3013 1556 3080 baculo

428 3132 570 3221 tangitur
592 3140 625 3198 et
649 3140 733 3198 terra
754 3140 883 3217 propter
901 3147 1016 3217 aquam
1042 3128 1211 3215 petendam
1240 3129 1410 3217 rumpitur.
1439 3130 1555 3198 Jhcsus

428 3267 555 3335 quoque
573 3255 605 3314 et
623 3244 739 3312 Fiuees
756 3245 1017 3332 contemplantur
1036 3243 1143 3311 omnia
1163 3243 1265 3331 Moysi
1282 3244 1372 3332 jussa
1391 3245 1555 3332 complen-

427 3372 490 3446 tes,
515 3383 589 3431 cum
617 3362 670 3431 isti
695 3379 714 3429 a
740 3362 791 3429 sui
818 3382 885 3428 non
909 3361 1092 3448 discrepant
1117 3360 1213 3428 dictis
1238 3362 1395 3449 magistri,
1422 3372 1554 3450 excepto

355 3469 404 3544 25
429 3475 516 3566 quod
543 3475 681 3564 quodam
709 3485 741 3544 et
767 3486 876 3544 tamen
896 3493 1013 3562 magno
1039 3473 1232 3563 uirginitatis
1260 3475 1426 3566 privilegio
1452 3475 1554 3564 mogIs

428 3590 483 3660 isti
500 3590 644 3680 fulgeant
662 3608 759 3680 quam
778 3590 826 3658 illi
845 3599 926 3660 tunc
944 3590 1046 3659 suero.
