3459 5667
909 555 1085 624 ,ιι-564.

431 696 583 766 datumm
610 704 648 766 sc
674 688 898 786 promittendo·
920 698 1043 767 interfit
1073 698 1101 768 si
1135 716 1286 787 superare
1318 716 1385 766 non
1416 696 1562 786 superari

432 821 564 901 queant,
581 820 637 880 ant
649 811 876 900 congregando
890 822 922 882 et
934 813 1156 882 confirmando
1170 812 1390 902 subsequitur,
1406 819 1562 881 ettamen

433 937 503 993 tum
520 924 652 993 demum
671 945 742 993 sese
759 925 794 992 in
812 924 939 993 hostem
957 943 1066 994 coram
1084 925 1150 994 illis
1169 924 1256 993 ultro
1273 924 1451 1013 ingerendo
1469 933 1562 992 ante-

433 1039 532 1127 cellit,
553 1039 686 1108 hortans
703 1058 817 1107 omnes
836 1039 878 1108 de
896 1039 957 1107 hac
976 1059 1011 1108 re
1028 1059 1095 1106 non
1115 1037 1317 1107 dissimiliter
1331 1039 1378 1108 sic
1396 1038 1442 1107 ita
1460 1037 1562 1106 iaetu-

385 1153 501 1222 ἕως.
526 1154 574 1221 lta
602 1161 736 1221 sanctus
764 1152 850 1221 haud
877 1153 969 1221 aliter
1000 1152 1234 1239 Uuinualocus,
1259 1152 1410 1220 omnibus
1433 1151 1561 1236 diebus,
1685 1192 1690 1207 ·

433 1266 524 1335 horis
543 1274 640 1355 atque
658 1265 846 1353 momentis,
866 1266 917 1333 rel
937 1265 1033 1333 dictis
1051 1266 1119 1334 sive
1138 1265 1294 1355 exemplis
1313 1265 1408 1334 corda
1429 1284 1562 1333 suorum

435 1398 502 1448 non
521 1389 626 1448 cessat
644 1396 833 1467 premonere
851 1377 1084 1466 discipulorum
1107 1388 1220 1447 contra
1237 1379 1361 1468 antiqui
1385 1379 1490 1448 hostis
1508 1398 1563 1446 se-

435 1494 545 1582 ducta,
565 1504 599 1562 ct
616 1494 696 1562 dura
717 1501 815 1577 [rol.
837 1493 910 1585 u]
929 1504 961 1562 et
980 1494 1092 1563 mollia
1110 1504 1142 1562 et
1161 1513 1274 1583 aspera
1288 1504 1320 1562 et
1337 1494 1437 1581 lenta,
1453 1493 1567 1563 fortis-

436 1607 520 1676 sime
541 1616 574 1675 et
591 1605 837 1696 vigilantissime
854 1625 999 1696 pugnare
1017 1626 1089 1676 esse
1108 1616 1230 1696 parata,
1251 1608 1313 1675 hoc
1330 1607 1422 1676 aiens
1440 1607 1564 1676 modo:

367 1734 411 1804 10
486 1747 500 1782 o
521 1721 602 1789 Nam
616 1722 695 1790 dum
713 1720 805 1810 quasi
825 1721 1177 1811 palpandomollescit,
1198 1721 1267 1809 ipse
1285 1731 1362 1790 tunc
1380 1721 1472 1807 ierit3
1487 1721 1567 1790 dum

437 1838 523 1906 bona
537 1835 709 1926 promittit,
725 1836 809 1903 mala
822 1844 962 1924 prestat3
979 1834 1057 1903 dum
1071 1835 1145 1903 vitae
1161 1833 1387 1922 longevitatem
1402 1843 1569 1903 ammonet

438 1953 489 2020 vel
509 1951 664 2041 suggerit,
680 1949 848 2039 proximus
865 1949 991 2018 homini
1010 1948 1199 2037 decipiendo
1217 1948 1292 2016 linis
1310 1958 1377 2036 cst3
1397 1947 1476 2017 dum
1493 1969 1568 2038 sug·

439 2065 639 2154 gestionibus
658 2064 750 2154 quasi
768 2065 907 2131 multum
926 2063 1103 2152 profuturis
1117 2063 1261 2131 animum
1276 2063 1390 2149 pascit,
1405 2063 1504 2130 nichil
1518 2071 1571 2132 est

440 2180 527 2269 quod
546 2181 666 2269 sperari
694 2179 825 2267 debeat,
850 2178 930 2248 dum
958 2178 1172 2247 allusionibus
1195 2178 1429 2246 fantasmaticis
1456 2188 1567 2264 terret,

370 2304 415 2375 15
441 2293 541 2360 nichil
564 2302 614 2360 est
641 2292 729 2382 quod
751 2293 854 2360 vereri
883 2301 1044 2380 oporteat3
1069 2291 1147 2360 dum
1177 2293 1268 2380 quasi
1298 2291 1447 2361 audendo
1468 2292 1566 2381 viget,

442 2416 521 2474 tunc
538 2406 779 2474 infirmissimus
797 2416 896 2474 estet
914 2406 1065 2474 facillime
1084 2406 1226 2495 superari
1248 2405 1373 2495 quitur3
1396 2406 1474 2474 dum
1491 2425 1569 2475 vero

443 2520 537 2610 quasi
555 2519 708 2608 fugiendo
726 2519 891 2608 mitigatus
909 2519 1065 2606 abscedit,
1085 2531 1164 2587 tunc
1183 2520 1418 2588 audacissimus
1441 2520 1570 2588 rebellis

444 2642 556 2720 estet,
585 2632 650 2700 nisi
679 2653 736 2719 per
762 2632 942 2701 orationem
966 2641 998 2700 et
1019 2631 1177 2719 Jejuninm
1203 2653 1277 2700 cum
1303 2651 1398 2720 opere
1415 2649 1570 2699 manuum

444 2748 659 2835 frequentato,
679 2755 713 2814 et
730 2766 786 2834 per
804 2745 918 2813 mortis
933 2754 1059 2813 aeternae
1078 2745 1334 2815 recordationem
1348 2755 1380 2814 et
1399 2746 1458 2814 Dei
1472 2747 1573 2814 mise*

373 2875 419 2945 20
445 2862 547 2930 rentis
565 2859 832 2945 misericordiam,
858 2869 890 2927 et
913 2878 970 2947 per
992 2868 1091 2926 totam
1114 2859 1147 2927 in
1167 2858 1294 2928 Christo
1313 2877 1500 2928 conversam
1519 2859 1572 2926 in-

444 2975 636 3059 tentionem,
668 2975 769 3060 [rol.
789 2989 843 3043 os
866 2972 920 3064 m]
948 2973 1063 3061 expelli
1087 2991 1292 3062 nequaquam
1316 2982 1434 3060 potest.
1458 2973 1571 3042 Totius

447 3089 628 3178 iniquitatis
655 3099 687 3158 et
714 3090 905 3177 perditionis
935 3109 992 3158 vas
1019 3099 1080 3158 est.
1112 3089 1174 3172 Qui
1203 3110 1277 3158 cum
1305 3089 1400 3158 silere
1426 3099 1569 3178 putatur,
1692 3074 1696 3083 ¹

448 3228 525 3276 mox
542 3227 654 3296 rapere
672 3208 830 3296 cernitur3
850 3227 917 3277 non
936 3208 1068 3295 dormit,
1084 3229 1151 3277 non
1170 3207 1319 3298 quiescit,
1339 3207 1440 3276 nichil
1459 3205 1575 3296 quaerit

449 3322 536 3390 unde
561 3333 710 3411 pascatur
736 3324 799 3392 nisi
826 3346 866 3392 ex
894 3325 1063 3393 hominum
1088 3324 1260 3393 animabus
1282 3323 1492 3412 perditorum.
1514 3322 1574 3391 Cui

378 3443 425 3512 2⁸0·
450 3444 558 3502 tamen
590 3435 618 3504 s'i
649 3436 730 3505 lorte
758 3437 954 3524 restiteritis,
981 3456 1047 3505 non
1071 3439 1177 3507 solum
1202 3437 1433 3523 contradicere,
1464 3456 1575 3505 verum

450 3547 547 3616 etiarn
566 3560 781 3637 prosternere,
801 3561 906 3622 totum
924 3552 1072 3622 conversi
1091 3552 1126 3620 in
1148 3551 1290 3640 Christo,
1310 3551 1367 3620 illo
1385 3549 1572 3637 auxiliante,

448 3661 605 3763 poteritis.
629 3691 645 3726 s
