3459 5667
920 611 967 640 -.
985 569 1052 653 xltili
1075 613 1120 638 -

496 712 655 802 Denique,
674 731 750 798 mou
766 712 868 781 tracto
887 732 992 800 crure,
1014 733 1125 803 aspera
1144 732 1237 803 poena
1256 724 1366 788 secuta
1385 723 1448 788 est.

495 831 589 899 Hunc
607 841 802 916 mestumut
820 813 900 901 vidit
917 832 1096 922 fratresque
1117 833 1178 902 sibi
1199 835 1406 922 glomeratos,
1449 901 1452 905 ,
1520 911 1531 916 .-

494 944 604 1034 Usque
622 944 718 1013 modu
736 944 914 1013 absconsus
933 956 1063 1034 apparet
1081 947 1316 1030 Uuinualceus‚

495 1057 581 1126 Tella
598 1059 674 1148 quia
693 1078 828 1128 accensa
846 1059 950 1146 potuit
970 1079 1035 1126 non
1054 1060 1136 1128 serre
1156 1060 1316 1130 tenebras.

494 1172 522 1241 0
541 1191 758 1263 magnumque
769 1173 824 1241 tui
843 1172 885 1240 ad
903 1173 1053 1241 meritum
1073 1174 1192 1262 laetare,
1215 1173 1354 1243 liudece.

643 1456 711 1527 Vll.
734 1491 774 1508 -
794 1459 841 1526 Dc
861 1460 927 1544 ejus
946 1461 1138 1528 ammirabili
1154 1461 1375 1544 predicatione.

536 1704 693 1791 Tempore
711 1702 772 1771 sub
791 1711 881 1771 tanto
900 1703 1058 1792 precurrit
1077 1705 1178 1793 gratia
1197 1706 1340 1796 (donum)
1447 1771 1449 1776 .

490 1817 608 1885 AEuum
628 1818 771 1905 precelso
789 1828 937 1887 tenerum
956 1819 991 1885 in
1010 1839 1122 1908 puero,
1143 1820 1331 1909 meritisque

491 1937 587 2013 [Fut.
613 1948 695 2001 m
717 1939 766 2014 uo]
778 1932 931 2021 Repletus
946 1933 1057 2022 lulget.
1071 1932 1200 2001 Victum
1214 1933 1384 2002 tribuendo
1398 1943 1566 2022 sacratum,

489 2045 670 2113 Pascendas
689 2045 791 2114 nutrit
808 2046 947 2132 animas,
969 2046 1050 2114 etin
1072 2045 1148 2115 orbe
1165 2046 1286 2115 revisas

415 2239 424 2246 φ
488 2158 576 2227 blore
596 2158 685 2247 legit,
706 2158 832 2244 dictans
850 2160 982 2246 solidat,
1002 2160 1124 2228 solatur
1143 2170 1175 2228 et
1194 2170 1336 2254 augetp
1407 2230 1423 2234 ,,
1532 2223 1538 2232 ,

488 2275 573 2342 Dum
591 2274 775 2342 instabilem
795 2275 898 2343 minui
918 2276 1079 2362 cernebat,
1096 2257 1227 2364 'semper
1247 2278 1279 2345 in
1299 2299 1404 2346 aeuum

487 2388 675 2457 Mansurum
694 2389 814 2477 praebet
834 2390 968 2458 victum.
991 2391 1044 2459 Sic
1063 2391 1160 2460 corda
1178 2391 1342 2461 minorum

489 2501 605 2571 Saucia
621 2503 753 2572 mellitis
771 2503 921 2592 pascebat
940 2504 1031 2573 mitia
1050 2505 1157 2574 dictis.
1239 2517 1242 2523 '

782 2789 866 2859 vltl.
887 2825 931 2842 -
948 2792 995 2859 De
1015 2811 1091 2859 coecc
1109 2799 1231 2860 curete.

527 3043 654 3118 Rursus
672 3051 704 3112 et
722 3053 842 3132 aegrote
860 3043 1002 3112 tribuisti
1023 3044 1146 3114 lumina
1165 3064 1261 3133 caeco,
1443 3115 1446 3118 .
1525 3129 1528 3133 ,

483 3159 601 3228 Sancte
618 3178 708 3246 puer.
730 3160 811 3227 Nam
830 3179 905 3227 cum
925 3160 1136 3248 languentum
1154 3161 1248 3230 turba
1264 3160 1429 3250 jacentum

482 3274 520 3342 ln
539 3284 631 3362 porta
649 3260 826 3343 consistere
844 3276 1091 3364 contemplatur,
1114 3286 1145 3346 et
1164 3278 1233 3364 ipse

482 3389 665 3475 Euanclans
684 3388 812 3456 medius
829 3390 963 3477 precelsi
984 3391 1112 3458 oracula
1132 3389 1263 3476 Christi,

483 3500 567 3568 Ecce
585 3520 716 3587 susurro
736 3502 878 3570 fremens
896 3501 1048 3570 discurrit
1066 3502 1179 3570 srivnla
1197 3503 1334 3592 lingens.
1377 3587 1379 3592 y
1492 3571 1494 3574 ,
1521 3569 1526 3574 .

482 3612 554 3698 lpse
573 3621 680 3680 tamen
700 3613 825 3701 patiens
844 3615 993 3702 perducis
1012 3616 1102 3683 mitia
1121 3616 1247 3704 reddis3

481 3728 652 3815 Expectem
672 3729 762 3796 uisus
781 3729 890 3797 ditasti
910 3731 1032 3798 lumine
1051 3730 1198 3817 ductum,

482 3845 553 3928 Qun
571 3846 637 3916 dux
655 3847 741 3917 alma
759 3848 839 3916 fides
857 3849 959 3939 viguit
976 3870 1051 3918 cum
1071 3849 1288 3938 simplicitate.

802 4131 857 4200 lx.
880 4169 919 4181 -
940 4134 986 4201 Dc
1004 4135 1071 4218 ejus
1089 4154 1206 4203 sorore.

467 4372 469 4375 ’
526 4378 574 4445 Tu
592 4397 733 4467 quoque,
753 4395 917 4467 germana,
938 4380 1069 4458 sensisti
1088 4401 1208 4456 munus
1226 4379 1326 4453 herile
