3459 5667
910 548 1084 617 ..ac-

430 689 570 777 fixerint,
591 705 708 757 manus
730 687 833 778 tangit
851 697 885 757 et
908 687 995 756 enim
1017 686 1119 757 nichil
1147 685 1258 772 officit,
1277 685 1365 755 venti
1389 683 1563 775 impellunt

430 827 492 877 nec
509 816 617 875 tamen
641 805 843 894 impellentes
866 806 1006 895 laedunt3
1031 816 1065 889 et
1088 806 1264 875 constructi
1288 805 1425 894 parietes
1448 804 1476 874 si
1500 804 1563 873 im-

431 920 593 1010 pellantur
614 929 783 1007 eruuntur,
808 919 872 988 nisi
895 938 914 989 a
937 940 996 989 suo
1018 920 1109 1009 prius
1131 920 1253 989 luerint
1276 921 1413 988 humore
1436 918 1560 989 siccati.

431 1035 525 1105 Mens
555 1033 677 1123 itaque,
707 1051 876 1122 quousque
903 1033 944 1101 ab
968 1034 1104 1102 humore
1130 1032 1296 1121 pravitatis
1325 1052 1393 1101 suae
1422 1033 1563 1122 perlecto

368 1151 406 1219 '5
433 1169 499 1217 non
521 1145 619 1215 luerit
640 1145 810 1232 exsiccata,
836 1145 949 1215 alienae
974 1146 1094 1235 linguae
1117 1163 1215 1214 manu
1242 1145 1332 1235 tangi
1359 1166 1426 1214 non
1453 1145 1560 1233 dehet,

433 1283 487 1349 nc,
513 1261 700 1349 priusquam
723 1260 818 1348 plene
840 1260 1007 1350 percipiat,
1033 1260 1145 1349 perdat
1169 1259 1364 1329 soliditatem
1387 1279 1496 1346 suam,
1521 1280 1564 1330 ne

433 1374 572 1462 impulsa
594 1384 678 1461 ruat,
705 1395 747 1443 ne
774 1375 861 1443 velut
888 1376 1056 1444 arbustum
1079 1376 1150 1444 sinc
1177 1374 1353 1463 rediemus,
1382 1374 1460 1443 dum
1488 1375 1562 1464 plus

434 1508 530 1579 quam
549 1488 686 1561 tolerare
704 1492 790 1561 rulet
808 1492 1004 1579 concutitur,
1024 1501 1161 1561 arescat.

477 1604 529 1673 Ad
556 1604 740 1694 exemplum
764 1624 840 1695 ergo
866 1625 934 1674 non
962 1614 1039 1673 sunt
1065 1603 1267 1673 ostendenda
1290 1604 1353 1673 nisi
1374 1623 1447 1694 quae
1472 1604 1564 1672 lirma

364 1727 407 1798 10
434 1729 523 1788 sunt.
551 1718 645 1787 Prius
670 1718 790 1787 etenim
817 1719 1040 1788 convalescere
1064 1717 1160 1787 dehet
1183 1738 1288 1805 meus,
1310 1729 1407 1807 utque
1430 1718 1471 1787 ad
1499 1718 1565 1786 uti-

435 1831 558 1900 litatem
581 1834 800 1921 proximorum
826 1834 1035 1923 postmodum
1062 1841 1159 1917 [nol.
1182 1851 1237 1904 aa
1255 1835 1306 1922 m]
1335 1834 1564 1917 demonstrari,

435 1965 509 2014 cum
524 1946 590 2035 jam
610 1968 669 2016 nec
687 1969 744 2036 per
761 1948 889 2016 laudem
907 1949 1031 2017 eleuata
1049 1957 1189 2031 corruat,
1205 1968 1266 2017 nec
1283 1968 1340 2037 per
1357 1948 1564 2036 vituperatio·

435 2079 510 2128 nem
543 2080 692 2149 percussa
722 2063 940 2131 contabescat.
971 2064 1131 2151 Propheta
1163 2061 1274 2151 igitur,
1309 2072 1344 2130 ut
1376 2063 1565 2132 ostendatur

436 2175 529 2264 cujus
547 2177 745 2245 auctoritatis
764 2178 806 2245 sit
819 2178 853 2245 in
868 2164 1087 2265 predicatione
1101 2178 1205 2246 aetatis
1218 2177 1330 2246 solidae
1344 2198 1429 2264 esse,
1445 2177 1565 2246 descri-

366 2293 410 2363 15
436 2287 522 2355 bitur
540 2298 699 2377 quatenus
716 2289 758 2376 ei,
779 2310 853 2357 eum
870 2290 945 2358 ritae
963 2291 1091 2378 spiritu,
1112 2291 1222 2360 omnia
1245 2312 1317 2380 quac
1335 2291 1376 2359 ad
1394 2292 1565 2381 predican-

378 2449 380 2453 .
437 2400 515 2470 dum
535 2411 718 2490 congruunt
737 2402 931 2471 concordare
949 2403 1131 2473 uideantur.

481 2514 558 2583 llaec
571 2524 679 2582 autem
699 2514 739 2582 de
758 2514 944 2603 predicandi
962 2515 1143 2603 disciplina,
1163 2516 1254 2585 etde
1273 2517 1380 2605 gracia
1397 2518 1454 2587 llei
1469 2518 1566 2586 etiam

436 2628 471 2697 in
497 2627 632 2696 mininis
657 2648 722 2696 non
750 2628 939 2717 deneganda
961 2630 1018 2699 sed
1041 2630 1145 2720 magis
1168 2630 1361 2719 predicanda
1389 2640 1422 2699 et
1450 2630 1568 2699 ammi-

438 2739 552 2827 randa,
572 2750 701 2828 propter
720 2739 939 2828 proximorum
958 2741 1130 2809 utilitatem
1154 2741 1344 2831 legentium,
1364 2750 1400 2810 ut
1417 2741 1579 2828 arbitror,

367 2862 413 2931 20
439 2855 619 2925 necessaria
650 2854 933 2943 accommodanda,
966 2874 1008 2923 ue
1039 2855 1113 2944 quis
1144 2855 1296 2926 audacter
1328 2865 1360 2925 et
1390 2854 1573 2944 improuide

438 2969 665 3055 huncquoque
679 2972 843 3055 presumat
862 2987 1015 3055 usurpare
1029 2979 1061 3037 et
1079 2968 1174 3036 istam
1189 2990 1246 3057 pro
1260 2970 1353 3037 libitu
1367 2968 1569 3054 conculcare,

440 3080 503 3148 hoc
522 3080 593 3147 loco
612 3097 882 3147 commemorasse
900 3080 1047 3147 sufficiat.
1068 3080 1297 3149 Verumtamen
1315 3081 1343 3149 si
1362 3080 1461 3150 michi
1479 3091 1572 3170 prata

442 3203 626 3265 sanctarum
649 3192 903 3281 scripturarum,
922 3192 1055 3261 violaria
1078 3214 1163 3281 saepe
1190 3204 1223 3263 et
1245 3196 1366 3263 rosaria
1394 3216 1470 3263 cum
1494 3194 1572 3263 liliis

442 3312 595 3398 admixta,
622 3310 753 3380 odorem
777 3310 1010 3379 suavissimum
1038 3312 1136 3380 simul
1163 3313 1341 3401 prebentia,
1372 3314 1477 3399 [nola
1496 3314 1570 3399 w]

370 3430 416 3499 25
442 3424 594 3493 flosculos
620 3418 812 3505 discurrenti
836 3424 987 3512 colligere
1014 3424 1111 3492 libeat
1132 3434 1175 3511 et,
1200 3425 1354 3494 fiscellam
1380 3445 1439 3514 pro
1461 3434 1573 3493 nostra

441 3547 640 3628 paupertate,
661 3555 724 3626 qua
747 3533 848 3624 pauca
868 3537 907 3604 de
924 3537 1072 3625 plurimis
1090 3539 1193 3607 sancti
1213 3538 1427 3627 Guiugualoei
1447 3536 1574 3606 meritis

442 3661 652 3740 reponantur,
685 3658 872 3737 contexens,
907 3650 962 3717 ubi
993 3650 1084 3719 locus
1111 3651 1195 3719 inter
1225 3650 1347 3719 vimina
1375 3649 1573 3740 apparuerit,

442 3764 605 3834 interdum
636 3764 839 3847 interseram,
873 3783 915 3831 ue
947 3773 1049 3851 tanto,
1079 3784 1192 3852 queso,
1225 3785 1360 3834 excessu
1387 3764 1509 3854 gravati
1542 3774 1576 3832 et

444 3888 534 3945 tanta
547 3877 743 3966 prepeditate
755 3876 920 3961 extediati,
935 3876 1097 3945 ullatenus
1112 3876 1325 3967 indignemini
1341 3877 1438 3966 :quia
1451 3884 1575 3966 quanto

374 3995 418 4067 30
445 4012 530 4080 saepe
558 3990 754 4078 Scripturum
782 3999 928 4058 sanctam
953 3990 1122 4058 consulere
1150 4008 1169 4057 a
1196 3989 1361 4079 proposito
1390 3990 1453 4058 isto
1481 3988 1579 4057 laetus

445 4105 559 4191 ducor,
592 4114 682 4173 tanto
714 4125 788 4173 cum
821 4104 964 4193 ejusdem
995 4104 1214 4173 emolumento
1245 4104 1286 4172 ad
1318 4112 1465 4193 optatum
1491 4102 1576 4171 bene

447 4219 600 4295 suffultus
616 4217 747 4309 gratior,
768 4219 835 4287 lleo
853 4217 1039 4304 miserante,
1060 4218 1195 4311 reducor
1212 4226 1355 4306 portum.
