3459 5667
446 1268 543 1347 [nor.
560 1270 652 1349 149]
680 1268 757 1335 anni
785 1269 956 1339 Domini...
982 1270 1128 1341 CCCC...
1154 1269 1349 1339 lndictiones
1372 1268 1403 1337 x
1429 1287 1575 1338 concur-

443 1389 551 1451 rentes
570 1382 637 1449 Vll.
659 1383 829 1455 Terminus
848 1387 1047 1474 paschalis...
1070 1387 1153 1457 Vlll.
1175 1387 1246 1456 llal.
1268 1386 1399 1476 Aprilis.

955 1673 1054 1742 xxtv

795 1904 842 1972 Dr
856 1924 1028 1975 'anensem
1057 1904 1211 1974 Sinarus.

483 2144 520 2212 ln
541 2145 671 2212 nornine
691 2143 748 2212 Dei
768 2145 886 2213 summi
906 2154 938 2213 et
957 2164 1065 2213 amore
1084 2144 1170 2234 regis
1192 2143 1337 2234 superni,
1357 2143 1414 2233 qui
1433 2142 1473 2211 de
1491 2142 1576 2209 llir-

390 2252 412 2321 5
438 2257 515 2347 gine
533 2258 685 2346 dignatus
703 2259 791 2327 nasci
810 2279 868 2346 pro
888 2258 1108 2348 redemptione
1121 2258 1249 2348 generis
1262 2258 1409 2327 humani.
1425 2256 1576 2352 Quidam

437 2373 487 2442 uir
506 2372 638 2459 indolis,
654 2372 802 2459 clericus,
818 2373 962 2441 moribus
977 2382 1122 2459 ornatus,
1139 2382 1274 2441 stemate
1287 2372 1444 2462 regalium
1457 2380 1574 2455 ortus,

436 2488 570 2555 nomine
592 2486 763 2575 Hepuuou,
783 2488 870 2557 filius
891 2486 1027 2560 Riuelen
1055 2499 1151 2577 atque
1173 2488 1349 2576 Ruentrec‚
1370 2485 1425 2577 qui
1447 2496 1578 2555 cuneta

436 2600 616 2689 despiciens
635 2610 774 2687 terrena,
794 2602 900 2671 modis
923 2603 1075 2671 omnibus
1098 2598 1230 2690 cupiens
1253 2601 1387 2691 adipisci
1407 2600 1572 2687 caelestia,

437 2714 567 2782 tradidit
584 2714 624 2782 de
643 2734 701 2783 sua
721 2716 847 2805 proprie
866 2715 1042 2785 hereditate
1059 2727 1171 2786 sancto
1195 2716 1425 2805 Uuingoaloaeo
1450 2714 1576 2783 aeccle-

366 2823 410 2893 10
431 2830 517 2899 siam
537 2830 687 2917 Sanctus,
708 2831 883 2919 spetialiter
905 2830 966 2899 sibi
990 2850 1010 2899 a
1034 2832 1160 2901 cunctis
1179 2830 1366 2919 parentibus
1383 2840 1479 2919 atque
1497 2828 1578 2898 tra-

434 2942 539 3011 tribus
554 2942 685 3011 inclitis.
699 2944 739 3011 Et
753 2942 870 3012 idcirco
884 2964 943 3032 ego
957 2943 1115 3032 Hepuuou
1129 2944 1285 3013 confiteor
1297 2950 1395 3026 [ποι.
1410 2958 1492 3012 148
1508 2949 1573 3025 νο]

434 3060 535 3129 hodie·
548 3076 655 3129 coram
674 3062 741 3129 Deo
759 3061 910 3149 primitus
927 3073 959 3129 et
976 3080 1084 3130 coram
1104 3062 1204 3130 altare
1222 3061 1327 3129 sancti
1349 3056 1576 3149 Uuingualoei

432 3184 531 3264 atque
549 3193 656 3243 coram
675 3174 807 3243 domino
831 3175 944 3244 abbate
962 3176 1136 3245 Benedicto
1159 3186 1193 3245 et
1215 3194 1323 3245 coram
1349 3175 1424 3244 istis
1447 3192 1575 3242 mona-

434 3287 503 3357 cbis
531 3290 586 3377 qui
616 3288 810 3357 incircuitu
839 3310 911 3358 meo
937 3300 1026 3377 sunt,
1052 3290 1138 3379 quod
1165 3311 1225 3379 ego
1250 3289 1432 3378 comparati
1459 3288 1577 3375 ipsam

366 3394 408 3462 15
432 3403 592 3471 aeclesiam
611 3402 786 3471 Sanctusa
809 3402 960 3472 tratribus
981 3405 1063 3472 meis
1086 3404 1129 3473 de
1152 3420 1231 3473 auro
1256 3414 1353 3493 atque
1374 3412 1578 3491 argentorat

434 3516 565 3608 caballis
588 3516 734 3604 optimis3
764 3538 824 3585 nec
850 3537 917 3585 non
945 3528 977 3586 et
1003 3519 1098 3587 aliam
1123 3529 1240 3587 terram
1264 3536 1371 3585 meam
1400 3514 1577 3604 propriam

432 3623 641 3699 hereditatem
670 3631 741 3700 dedi
770 3632 830 3718 eis,
851 3643 886 3699 ut
908 3644 992 3702 esset
1016 3634 1114 3703 michi
1139 3634 1323 3725 specialiter
1348 3632 1382 3699 in
1405 3640 1574 3698 aeternam

432 3746 642 3815 hereditatem
667 3766 686 3815 a
713 3749 838 3817 conctis
865 3749 1015 3818 fratribus
1038 3751 1133 3836 meis,
1158 3769 1266 3819 eoram
1290 3748 1406 3817 multis
1427 3746 1578 3817 testibus

432 3860 709 3932 Cornubiensibus
731 3862 941 3931 nobilissimis
965 3890 974 3931 ι
999 3864 1208 3952 Uurmaelon,
1235 3883 1345 3932 comes
1371 3859 1575 3944 Cornubiae3

361 3964 406 4035 20
431 3974 675 4063 Huaruuethen,
694 3960 842 4066 episcopo
861 3975 970 4045 Sancti
990 3975 1219 4065 Chourentini3
1240 3976 1433 4062 benedicto,
1449 3974 1577 4044 abbate

432 4093 541 4163 Sancti
569 4093 807 4182 Uuingualoaei3
835 4095 967 4181 Urueet‚
996 4095 1110 4167 abbate
1135 4095 1245 4165 Sancti
1271 4093 1442 4184 Tutguali,
1467 4104 1576 4183 atque

431 4208 505 4279 aliis
524 4208 671 4297 plurimis
689 4207 849 4277 fidelibus,
866 4210 908 4277 Et
925 4208 1043 4280 idcirco
1062 4232 1121 4301 ego
1135 4214 1296 4301 llepuuou
1312 4210 1356 4279 do
1369 4220 1403 4279 et
1418 4208 1574 4279 concedo

428 4323 608 4413 predictam
634 4330 730 4406 [not.
755 4329 849 4405 ua]
871 4323 1048 4391 aecclesiam
1071 4324 1167 4395 hodie
1190 4334 1307 4395 sancto
1327 4323 1577 4414 Uuingualoaeo

431 4436 467 4503 in
485 4436 717 4507 dicumbitione
734 4446 830 4526 atque
852 4437 886 4505 in
909 4448 1028 4506 aeterna
1052 4439 1248 4527 hereditate,
1273 4438 1472 4529 proanima
1496 4455 1576 4507 mea
