3459 5667
568 601 808 693 '-rr-

51 772 52 776 ’
150 758 233 827 bant
259 744 402 829 dicentes
427 744 440 829 ¹:
472 788 487 822 α
519 762 603 845 Quid
631 766 732 834 acturi
763 787 889 855 sumus,
920 788 1024 857 quoue
1045 769 1122 838 ituri
1149 772 1286 842 sumus?

88 868 91 873 '
148 872 310 960 Fugimus
332 890 373 941 an
396 876 627 961 expectamus?
645 879 730 961 Quid
749 882 968 951 excusationis
993 882 1207 953 babebimus?
1226 884 1286 955 llle

150 1004 227 1072 nos,
252 1006 308 1074 per
335 987 478 1077 seipsum
505 992 629 1079 peritus
657 1010 784 1084 pugnax
809 1007 922 1065 eontra
948 998 1073 1088 antiqui
1103 999 1206 1069 bostis
1233 1000 1286 1069 in·

150 1102 265 1191 sidias,
280 1106 416 1194 propriis
435 1125 546 1179 cavere
564 1110 719 1181 docuerat
738 1112 850 1201 dictis,
879 1122 976 1197 [rol.
997 1132 1049 1186 aa
1069 1116 1121 1208 νο]
1144 1138 1206 1186 nos
1228 1136 1286 1186 au·

149 1226 219 1285 tem
238 1219 457 1309 neglegentes,
471 1232 503 1291 et
521 1224 608 1293 uerbi
628 1227 699 1315 ejus
718 1238 971 1316 contemptores,
987 1248 1045 1316 pro
1059 1247 1156 1317 parvo
1174 1230 1285 1299 decre·
1335 1228 1358 1297 5

151 1342 224 1401 tum
251 1336 322 1424 ejus
348 1337 512 1408 duximus.
534 1341 617 1409 Hinc
643 1363 731 1431 uero,
757 1343 834 1411 dum
860 1345 1025 1413 noluimus
1049 1346 1121 1435 ejus
1147 1345 1286 1417 obaedirc

151 1445 320 1534 mandato,
354 1450 467 1519 saltem
499 1452 562 1521 hoc
593 1454 703 1542 modo,
734 1467 905 1545 postquam
933 1467 1059 1526 tantum
1088 1458 1286 1529 incurrimus

152 1561 289 1649 malum,
310 1564 565 1651 experimentum
584 1567 747 1637 discamus
770 1580 928 1658 qnantum
953 1571 1074 1640 malum
1099 1573 1220 1661 grande
1244 1572 1287 1641 sit

152 1672 314 1760 majorum
339 1674 431 1761 jussa
457 1696 618 1763 spernere.
644 1678 756 1767 Neque
784 1680 871 1748 enim
900 1682 990 1769 prius
1012 1683 1284 1772 intelligebamus,

152 1784 322 1855 autetiam
343 1787 440 1875 (quod
459 1789 576 1877 verius)
600 1810 659 1879 pro
678 1792 798 1861 nicbilo
818 1794 1048 1881 reputabamus
1072 1793 1159 1885 quod
1184 1796 1286 1885 scrip·
1315 1782 1359 1857 lo

152 1912 224 1971 tum
252 1913 301 1973 est
330 1934 338 1972 ι
370 1908 434 1987 Qui
460 1929 514 1975 uos
542 1912 633 1976 audit
663 1930 712 1977 me
744 1914 845 1996 audit,
875 1921 904 1978 et
932 1916 987 1997 poi
1013 1934 1067 1981 vos
1094 1918 1214 1998 spernit
1238 1935 1287 1982 me

151 2023 284 2102 spernit.
313 2020 386 2087 Non
417 2021 522 2089 solum
550 2041 627 2110 ergo
661 2033 880 2112 preceptorem
909 2036 1058 2095 nostrum
1088 2028 1286 2117 contempsi·
1406 2009 1412 2015 ’

152 2152 240 2219 mus,
269 2133 326 2201 sed
351 2134 562 2225 illumcujus
592 2138 709 2225 perid
741 2139 882 2228 quodsi
911 2140 1069 2209 obaeditur
1097 2142 1287 2210 mandatum

154 2248 347 2337 completur.
373 2248 457 2331 Quia
478 2250 564 2319 enirn
590 2252 793 2339 peccavimus
818 2252 850 2319 in
875 2263 1023 2321 sanctum
1045 2253 1103 2322 Dei
1123 2253 1195 2324 ideo
1218 2254 1288 2323 lraec

154 2363 270 2432 merito
298 2363 450 2452 patimur,
476 2365 553 2453 quia
579 2365 734 2454 quicquid
760 2366 951 2435 obedientiae
975 2368 1025 2435 vel
1050 2366 1287 2437 inobaedientiae
1309 2358 1359 2428 315·

154 2481 276 2547 sanctis
295 2488 419 2568 agatur,
440 2479 553 2548 hocin
574 2500 608 2547 se
628 2501 694 2549 non
714 2480 779 2549 illis
799 2491 926 2569 reputat
944 2483 1042 2552 Deus.
1068 2511 1083 2544 s
1114 2493 1117 2500 ’

199 2594 277 2663 Haec
303 2604 335 2663 ct
363 2595 425 2663 alia
452 2596 553 2664 multa
580 2616 654 2664 cum
684 2596 748 2665 alto
772 2597 913 2685 suspirio
936 2596 1043 2666 cordis
1066 2599 1283 2687 gementibus,

156 2706 257 2799 [lton.
274 2706 344 2797 aa]
364 2728 437 2777 ecce
460 2728 536 2777 mox
555 2708 799 2798 Wiugualoeus,
827 2709 947 2778 Sancto
969 2721 1123 2780 monente
1147 2712 1284 2800 Spiritu,

154 2822 246 2911 cujus
261 2821 327 2910 jam
346 2841 411 2889 non
431 2822 499 2891 uult
513 2823 601 2891 Deus
619 2823 770 2891 virtutem
790 2823 914 2908 caelare,
931 2823 989 2892 sed
1007 2824 1134 2893 cunctis
1147 2845 1284 2894 cernen-

153 2936 255 3022 tibus,
276 2946 311 3003 ut
329 2936 457 3022 signum
477 2945 510 3004 ct
528 2936 709 3025 exemplum
730 2936 784 3023 sit,
806 2936 898 3025 quasi
917 2936 1034 3004 taedam
1052 2957 1149 3025 super
1168 2937 1286 3007 eande-
1312 2928 1358 2999 20

154 3048 281 3117 labrum
295 3050 473 3139 propalare.
487 3050 609 3119 Tristes
626 3050 801 3138 aspiciens,
817 3050 875 3119 sed
888 3068 986 3118 manu
1001 3051 1166 3120 silentium
1180 3051 1285 3140 impo-

153 3182 249 3247 nens,
269 3162 387 3230 talibus
401 3163 516 3231 affatur
529 3163 662 3233 dicens:
680 3191 695 3225 u
709 3164 776 3231 Viri
792 3166 906 3233 iratres
925 3176 958 3234 et
970 3175 1089 3254 patres,
1105 3166 1206 3235 nolite
1216 3166 1284 3255 jam

155 3275 294 3363 plorare,
310 3276 410 3344 nolite
425 3277 563 3365 amplius
582 3277 691 3345 animo
705 3278 878 3365 prosterni.
899 3279 995 3347 Nulla
1009 3278 1096 3347 enim
1116 3287 1181 3345 tam
1200 3263 1288 3346 mala

155 3388 264 3475 passio
291 3398 341 3457 cst
367 3410 439 3478 quae
467 3409 532 3458 non
561 3390 676 3459 babeat
708 3390 842 3476 mederi,
873 3391 1042 3479 quianon
1072 3390 1167 3479 longe
1194 3374 1294 3459 abest

155 3500 313 3590 medicus,
334 3502 362 3571 si
384 3503 499 3572 intimo
520 3524 587 3573 non
611 3504 684 3572 licto
708 3504 891 3592 requiratur
917 3505 1048 3593 ingenio
1069 3534 1077 3573 ι
1097 3504 1153 3594 qui
1172 3522 1286 3573 omnes
1313 3496 1358 3567 25

152 3614 217 3683 sibi
245 3616 468 3684 confitentium
500 3616 625 3685 etiamsi
657 3617 756 3684 nullis
780 3616 927 3684 holerum
955 3617 1166 3707 alegmatibus
1195 3617 1306 3686 curat'

155 3727 309 3797 adhibitis
333 3730 455 3819 plagas.
480 3730 683 3820 Quapropter
708 3731 784 3819 quia
812 3732 952 3798 multum
980 3731 1114 3800 flevistis
1143 3732 1185 3819 (et
1213 3745 1287 3801 cece

156 3843 328 3933 quidinde
351 3845 430 3913 utile
452 3844 621 3915 invenistis
630 3846 655 3933 P)
680 3844 874 3913 fidissimum
897 3864 1024 3933 semper
1046 3845 1287 3933 precedentium

156 3956 190 4024 in
218 3961 308 4028 omni
336 3962 484 4051 angustia
512 3970 639 4049 patrum
669 3979 706 4029 ac
729 3960 931 4030 tutissimum
959 3980 1103 4047 murum,
1132 3947 1287 4031 orationis

153 4073 363 4142 'conscendite
391 4076 510 4143 sinum.
545 4082 641 4157 [rol.
667 4090 720 4145 aa
745 4072 798 4163 νῦ]
827 4074 949 4141 Omnes
976 4074 1086 4162 igitur,
1116 4074 1287 4162 separatim
1310 4061 1359 4135 '30

155 4186 290 4275 singuli,
311 4208 384 4255 cum
412 4188 560 4277 precibus
582 4188 735 4257 adeamus
754 4186 946 4255 fiducialiter
968 4187 1143 4256 Christum.
1163 4188 1287 4258 Forsan

157 4301 278 4389 putatis
297 4320 338 4371 an
357 4303 411 4371 ille
430 4303 486 4393 qui
504 4303 614 4371 omnia
633 4292 708 4372 iecit
731 4313 763 4371 et
787 4312 853 4371 tota
876 4303 1022 4370 membra
1045 4301 1140 4371 istius
1161 4302 1286 4392 pueruli

11 4402 13 4409 ’
65 4446 89 4458 ·’
158 4414 405 4506 compaginavit,
436 4417 486 4486 uel
518 4416 632 4505 pedem
659 4416 735 4486 licet
761 4415 966 4486 debilitatum
992 4415 1186 4503 instaurare,
1219 4434 1285 4485 non
