3459 5667
1843 537 1926 584 -’
1974 534 2106 602 104
2148 571 2237 587 —-

1491 819 1545 887 Ι.
1589 855 1673 870 —-
1709 821 1805 887 De
1841 820 2163 887 nobilitate
2200 822 2582 888 Britannice.

1092 1065 1291 1152 Copia
1328 1073 1685 1132 maternam
1722 1065 1945 1154 genuit
1981 1085 2128 1133 cum
2165 1065 2456 1154 germine
2493 1086 2706 1134 rerum

1002 1180 1351 1267 Tellurem,
1394 1193 1548 1247 noto
1585 1178 1917 1269 antiquam
1956 1180 2341 1269 cognomine
2378 1180 2616 1249 dictam

1005 1293 1176 1362 Orbe
1210 1293 1670 1360 Britannorum
1711 1293 1775 1360 in
1817 1302 1986 1381 toto3
2028 1304 2469 1362 verumtamen
2509 1292 2667 1362 ordo

1008 1416 1204 1495 [Fon.
1255 1417 1441 1492 115]
1484 1411 1625 1479 Non
1666 1409 1836 1477 idem
1875 1411 2106 1500 aequali
2144 1411 2511 1480 moderatus
2547 1412 2727 1480 lance
2765 1422 3053 1482 retentus

819 1517 863 1585 5
1004 1525 1241 1613 Legem
1279 1522 1431 1591 inde
1470 1524 1746 1592 infectus
1784 1545 1935 1592 mox
1971 1525 2230 1592 miscuit
2267 1545 2414 1593 ecce
2451 1525 2753 1614 priorem.

1010 1636 1197 1708 Clara
1234 1638 1387 1706 huic
1424 1637 1704 1723 soboles,
1746 1637 1926 1706 clade
1962 1639 2268 1727 propulsa
2308 1618 2615 1727 maligna,

1008 1755 1171 1822 Acta
1208 1753 1369 1821 freto
1408 1763 1643 1822 terram
1682 1762 1819 1821 rate
1857 1762 2327 1841 transportatur
2363 1753 2444 1820 ad
2483 1755 2670 1847 istam

1006 1867 1371 1957 Ancipitem
1409 1867 1665 1958 fugiens
1700 1867 1866 1936 duro
1905 1887 2053 1936 cum
2091 1865 2283 1936 dente
2319 1868 2706 1937 macheram.

1702 2153 1787 2221 H.
1828 2187 1919 2205 -
1952 2156 2048 2223 De
2081 2156 2406 2222 Fracano.

1104 2400 1216 2470 Vir
1253 2400 1375 2469 fuit
1410 2397 1677 2488 antiqua
1710 2397 1929 2489 magni
1969 2398 2049 2467 de
2085 2398 2285 2489 stirpe
2321 2398 2661 2468 Britonum

788 2529 875 2600 10
1015 2517 1299 2584 Exortus
1337 2513 1576 2601 meriti,
1618 2513 1922 2582 devectus
1957 2531 2107 2580 rura
2142 2513 2471 2582 Fracanus

1020 2631 1184 2700 Cum
1225 2628 1417 2698 sociis
1452 2627 1673 2716 paucis
1711 2627 1900 2696 Latii.
1945 2627 2066 2695 Hic
2102 2627 2343 2716 proprii
2379 2627 2668 2716 cespitis,
2709 2646 2821 2696 ora

1018 2746 1208 2814 Peste
1246 2751 1503 2832 tegente
1540 2742 1857 2826 adamata,
1906 2741 2163 2809 relictor
2199 2741 2494 2826 hahetur,
2535 2752 2599 2809 et
2635 2752 2781 2830 apte

1019 2856 1428 2927 Armoricum
1468 2857 1814 2947 seseglocat
1852 2855 1919 2924 in
1961 2855 2305 2945 gremium,
2352 2864 2546 2944 atque
2582 2855 2837 2942 demtis,

1021 2975 1165 3042 Non
1205 2992 1399 3062 parvo
1438 2973 1617 3042 silvis
1654 2972 1857 3041 fundo
1894 2972 2101 3060 aspris
2139 2972 2274 3059 ipse
2311 2980 2586 3058 reperto,

796 3097 885 3169 15
1026 3089 1190 3159 Cum
1232 3087 1510 3178 geminis
1547 3096 1727 3156 tutus
1759 3087 1895 3176 jam
1932 3087 2131 3154 fixum
2170 3097 2501 3174 matreque
2536 3085 2736 3171 natm,

1028 3203 1237 3292 Coepit
1275 3203 1509 3272 habere
1546 3202 1761 3271 locum
1799 3200 1992 3269 modo
2029 3200 2216 3290 cujus
2252 3199 2516 3269 nomine
2551 3198 2817 3268 dictum.

1463 3497 1573 3566 III.
1618 3533 1699 3548 —
1741 3499 1834 3565 De
1871 3500 2045 3564 tercii
2080 3500 2219 3564 nati
2252 3499 2668 3582 eoeoptatione.

1122 3743 1388 3814 Tercius
1425 3741 1577 3811 inde
1613 3740 1876 3832 quidem
1912 3751 2105 3811 natus
2142 3749 2435 3830 speratur
2470 3741 2718 3829 haberi,

1032 3861 1246 3929 Trinae
1283 3870 1479 3948 atque
1514 3879 1816 3947 expresso
1853 3877 2122 3927 summae
2159 3859 2428 3928 Deitatis
2465 3859 2711 3927 honore

1036 3974 1242 4057 Quem
1280 3971 1409 4040 laeti
1449 3981 1726 4061 poscunt
1765 3972 2061 4062 precibus
2098 3973 2394 4061 votisque
2430 3983 2753 4061 parenteS,

805 4100 897 4169 20
1039 4085 1240 4178 [Fon.
1293 4104 1455 4156 115
1498 4088 1606 4177 vo]
1650 4086 1928 4155 Telluris
1975 4086 2244 4174 propriae
2291 4084 2621 4154 custodem
2670 4105 2925 4174 semper
2961 4086 3202 4154 hahen-

1038 4203 1161 4273 Ast
1197 4214 1450 4283 uterum
1492 4202 1768 4292 genitrix
1805 4223 1951 4271 cum
1989 4211 2280 4272 senserat
2305 4202 2470 4271 Alba
2505 4210 2889 4290 tumentem,
3001 4202 3194 4286 [dum.

1039 4317 1308 4386 Nuntiat
1342 4316 1485 4406 ipsa
1520 4317 1691 4406 vir03
1733 4327 1873 4386 tum
1909 4315 2140 4406 pernix
2173 4317 2345 4386 sama
2377 4336 2492 4405 per
2527 4335 2753 4386 omnes
