3459 5667
939 580 1113 651 ..42-

460 717 568 789 minus
581 715 837 810 intelligendum.
854 720 948 791 Dicto
966 722 1054 792 enim
1073 742 1129 809 cor
1143 721 1177 793 in
1191 720 1333 813 presenti
1346 740 1432 809 esse,
1448 741 1506 793 seu
1519 743 1588 796 mo

459 844 571 905 veatur
595 836 664 905 sive
687 857 753 906 non
777 848 955 924 moveatur,
980 839 1032 908 vel
1055 840 1117 908 boc
1134 859 1191 929 per
1218 838 1433 929 quodeunque
1455 840 1587 929 spiritus

459 948 710 1037 demonstratur,
731 950 824 1039 cujus‘
842 952 931 1020 Deus
949 971 1055 1021 sessor
1079 960 1112 1021 et
1130 952 1326 1021 inhabitator
1348 952 1417 1021 fieri
1440 952 1586 1022 videlicet

458 1062 612 1150 creditur,
632 1062 672 1131 ad
696 1083 792 1131 omne
814 1063 901 1153 quod
924 1064 994 1133 vult
1018 1065 1197 1154 presentari
1221 1086 1287 1134 non
1314 1064 1491 1153 dubitetur,
1511 1084 1586 1137 nam

409 1176 431 1247 li
458 1175 577 1265 ubique
603 1195 735 1277 presens
757 1186 818 1263 cst,
843 1187 876 1245 et
900 1197 997 1266 quem
1019 1178 1118 1247 nichil
1144 1178 1233 1265 latet,
1254 1178 1348 1268 cujus
1377 1187 1452 1248 ante
1474 1180 1585 1249 oculos

457 1290 567 1359 omnia
581 1299 690 1378 aperta
705 1300 737 1360 et
750 1291 838 1360 nuda
856 1301 943 1361 sunt.
962 1292 1038 1378 Sed,
1054 1312 1151 1382 quem
1164 1292 1316 1382 dignatur
1329 1293 1447 1363 babere
1461 1293 1584 1379 sedem

456 1401 497 1471 de
522 1402 578 1471 illo
601 1402 673 1491 ejus
690 1402 891 1491 amplissimo
918 1412 952 1474 et
974 1403 1166 1473 inexhausto
1190 1411 1288 1488 [unt.
1309 1411 1378 1487 aa]
1397 1404 1532 1473 luminis
1548 1422 1586 1473 ac

455 1516 630 1605 purissimo
644 1516 732 1597 fonte
746 1524 852 1604 potest
865 1526 898 1584 et
912 1515 992 1606 ipse,
1004 1527 1198 1607 cooperante
1211 1517 1246 1585 in
1260 1538 1299 1587 eo
1310 1517 1412 1607 gratia
1425 1517 1582 1606 ejusdem,

455 1626 578 1720 aliquid
595 1632 691 1702 etiam
710 1650 863 1721 magnum
883 1651 922 1701 ac
939 1633 1117 1721 preclarum
1131 1641 1228 1723 atque
1245 1631 1483 1702 lucidissimum
1502 1632 1584 1701 bau-

386 1746 430 1817 10
455 1745 531 1834 rire,
548 1747 674 1815 dicente
687 1746 878 1815 Psalmista:
894 1774 909 1807 n
924 1746 1006 1829 Quia
1025 1747 1112 1837 apud
1125 1756 1158 1816 te
1171 1748 1244 1815 fons
1259 1747 1345 1833 vitae,
1361 1756 1393 1815 et
1406 1746 1441 1813 in
1460 1745 1583 1816 lumine

455 1870 511 1928 tuo
530 1859 710 1929 uidebimus
728 1861 850 1928 lumen.
875 1887 890 1921 »
912 1861 960 1929 De
983 1860 1046 1929 boc
1067 1860 1185 1950 quippe
1208 1861 1311 1947 fonte,
1331 1860 1360 1929 si
1378 1879 1583 1951 nequaquam

453 1972 545 2061 quasi
564 1972 783 2062 pregustando
802 1973 938 2057 biberet,
954 1993 1131 2062 numquam
1151 1974 1296 2043 diceret:
1317 2001 1330 2035 n
1349 1974 1457 2044 sitivit
1475 1974 1583 2043 anima

453 2105 526 2156 mea
538 2086 579 2154 ad
593 2088 709 2172 Deum,
723 2087 847 2155 fontem
860 2086 969 2155 vivum
984 2113 991 2155 ε
1005 2086 1135 2175 quando
1149 2086 1277 2155 reniam
1291 2096 1325 2156 et
1335 2087 1494 2175 apparebo
1507 2098 1582 2156 ante

453 2200 568 2267 faciem
581 2199 688 2267 licii»
706 2199 747 2266 Et
761 2200 789 2267 si
802 2199 950 2293 ejusdem
964 2200 1112 2284 luminis,
1123 2220 1163 2268 ex
1176 2220 1242 2290 quo
1257 2200 1432 2269 illuminari
1447 2200 1583 2289 cupidus

384 2318 427 2387 lei
454 2312 669 2400 desiderabat,
693 2312 828 2382 minime
850 2314 1040 2404 participem
1059 2314 1172 2399 fuisse,
1196 2315 1290 2404 quasi
1314 2313 1582 2403 premonstrando

453 2427 483 2495 ei
504 2426 590 2515 quod
614 2427 735 2495 sanctis
758 2426 966 2515 postmodum
989 2425 1118 2495 daretur
1142 2426 1320 2514 mentibus,
1347 2426 1579 2515 recordaretur,

452 2559 519 2608 non
539 2538 573 2606 in
592 2537 655 2607 alio
674 2538 797 2627 psalmo
815 2538 967 2607 subderet
985 2539 1097 2608 dicens
1119 2566 1126 2607 :
1153 2566 1166 2601 l
1189 2539 1244 2609 Sic
1266 2540 1300 2607 in
1320 2548 1432 2610 sancto
1449 2540 1581 2628 apparui

451 2652 511 2721 tibi
539 2660 575 2719 ut
595 2651 747 2745 xuiderem
776 2652 928 2721 virtutem
958 2661 1047 2720 tuam
1073 2662 1106 2721 et
1129 2653 1264 2742 gloriam
1288 2662 1389 2722 tuam.
1414 2680 1428 2714 u
1449 2653 1496 2720 lle
1518 2672 1580 2742 qua

451 2765 522 2854 ejus
554 2766 654 2835 fontis
683 2767 821 2855 puritate
849 2779 881 2836 et
903 2767 1039 2837 luminis
1063 2768 1207 2838 claritate
1234 2769 1340 2856 potiti,
1371 2779 1520 2859 poterant
1545 2768 1580 2836 bi

380 2885 426 2955 20
451 2880 546 2949 ambo
565 2880 698 2968 predicti
717 2892 749 2949 et
767 2882 935 2950 transferri
949 2881 1021 2950 sine
1037 2891 1126 2950 motu
1140 2891 1173 2951 et
1191 2882 1312 2950 moveri
1330 2882 1402 2951 sine
1416 2882 1577 2952 transitu:

450 2997 512 3064 boc
530 3005 593 3081 est,
613 3004 645 3064 et
664 2994 830 3063 transferri
852 3002 949 3078 [unt.
972 3011 1029 3064 au
1052 3000 1101 3075 νο]
1120 2993 1234 3082 spiritu
1248 2994 1289 3062 ad
1302 2993 1337 3061 id
1355 2993 1441 3083 quod
1455 2993 1580 3063 labora-

448 3114 505 3181 bat
532 3113 748 3202 adjuvandum
779 3113 927 3182 ducendo
955 3112 1027 3181 sine
1054 3112 1198 3200 corporis
1222 3112 1421 3201 fatigatione,
1451 3120 1485 3180 et
1509 3132 1581 3182 mo·

450 3230 529 3315 veri,
545 3229 606 3297 hoc
624 3239 686 3315 est,
703 3228 811 3297 animo
831 3246 849 3295 a
869 3230 936 3297 Deo
954 3228 1092 3297 excitato
1106 3228 1147 3296 ad
1166 3227 1247 3295 illud
1266 3226 1353 3316 quod
1372 3225 1483 3315 inique
1502 3244 1581 3292 con-

449 3341 583 3411 debatur
611 3341 893 3410 condemnandum
921 3342 993 3410 sine
1024 3341 1089 3409 ulla
1118 3340 1168 3409 vel
1196 3339 1339 3429 corporis
1365 3339 1416 3408 vel
1448 3338 1581 3428 spiritus

379 3454 423 3523 ab
449 3455 744 3545 transmigratione,
765 3456 832 3523 Deo
852 3456 886 3523 in
905 3453 1001 3522 corde
1018 3453 1201 3543 presidente
1221 3464 1253 3521 et
1276 3452 1386 3521 omnia
1403 3450 1581 3520 immobili-

448 3578 498 3636 ter
516 3568 770 3656 demonstrante,
792 3566 907 3657 quide
929 3567 1000 3636 loco
1024 3566 1065 3634 ad
1088 3566 1196 3636 locum
1218 3566 1310 3656 quasi
1329 3564 1489 3635 instabilis
1513 3582 1580 3632 non

447 3691 498 3750 est
516 3681 712 3770 quarendus.
1610 3663 1612 3667 ’

492 3807 556 3875 Sed
586 3807 614 3875 si
643 3806 716 3895 quis
746 3806 885 3875 multum
913 3804 1027 3874 sitiens
1056 3805 1144 3895 cupit
1177 3803 1324 3875 invenire
1348 3826 1435 3893 eum,
1457 3811 1581 3873 scrute-

447 3929 501 3988 tur
522 3920 629 3989 cordis
652 3919 702 3988 sui
726 3920 897 4007 medullas,
917 3930 1028 3988 utrum
1047 3921 1115 3989 Deo
1138 3930 1221 4008 aptae
1242 3919 1309 3987 sint
1326 3917 1367 3987 ad
1386 3916 1579 4001 sedendum,

378 4030 422 4101 30
448 4033 525 4122 quia
551 4033 630 4101 dicit
657 4062 664 4101 ι
693 4034 841 4103 «Estote
860 4035 965 4103 sancti
989 4034 1066 4123 quia
1092 4054 1153 4123 ego
1176 4043 1307 4116 sanctus
1330 4054 1416 4103 sum.
1446 4061 1461 4093 1>
1491 4033 1533 4100 Et
1550 4031 1579 4101 si

448 4167 608 4239 congruas
635 4150 703 4217 Deo
725 4149 819 4217 sedes
843 4147 981 4217 inveniri
1005 4147 1041 4214 in
1063 4167 1099 4216 se
1122 4146 1250 4233 viderit,
1279 4146 1347 4214 Deo
1380 4144 1499 4234 gratias
1525 4163 1578 4212 re·

447 4265 540 4352 ferat,
561 4264 721 4354 quianon
743 4283 762 4333 a
790 4284 826 4333 se
853 4264 911 4333 sed
937 4282 957 4332 a
982 4264 1049 4333 Deo
1068 4264 1130 4332 hoc
1151 4283 1224 4354 esse
1247 4272 1415 4353 operatum
1435 4268 1574 4330 constat.

447 4379 489 4447 Et
508 4379 536 4448 si
555 4399 626 4449 esse
649 4399 685 4450 se
708 4378 813 4448 adbuc
836 4378 992 4469 imparem
1015 4378 1112 4468 bujus
1137 4376 1283 4447 muneris
1310 4384 1434 4464 cernat,
1458 4393 1577 4443 cmun-
