3459 5667
943 627 984 644 ..
1008 591 1054 661 44
1075 625 1120 643 ..
1173 684 1177 691 .

463 732 527 809 diei
546 732 699 823 condicti,
719 731 754 803 in
773 752 836 826 qua
855 733 1005 825 quisnam
1023 752 1136 803 eorum
1155 729 1312 823 promtior
1329 729 1420 801 fieret
1441 729 1592 823 probaro

461 860 528 940 tur,
548 850 717 919 amborum
735 868 895 918 consensu
919 849 1002 917 lacta
1023 855 1085 917 est.
1106 846 1149 915 At
1167 855 1258 934 tunc,
1278 845 1427 934 plurimis
1446 854 1512 915 tam
1530 867 1592 917 no·

461 965 581 1033 bilibus
607 982 704 1053 quam
731 962 929 1053 ignobilibus
953 960 994 1030 ad
1022 960 1241 1050 spectaculum
1263 959 1351 1028 istud
1376 962 1588 1051 congregatis,

462 1077 618 1148 levissimi
645 1076 681 1144 in
710 1095 811 1164 equos
837 1075 929 1163 pueri
956 1073 1110 1162 trepidos,
1140 1072 1337 1142 micantibus
1363 1072 1509 1159 auribus,
1536 1075 1591 1145 uin

415 1192 437 1263 5
461 1197 626 1288 pulverem
646 1214 703 1285 pre
725 1194 895 1263 uelocitate
917 1192 967 1261 sui
991 1212 1155 1261 summum
1180 1192 1419 1281 contingentes,
1437 1191 1590 1262 artificio·

461 1310 589 1380 sissime
613 1310 654 1378 ad
677 1328 808 1378 cursum
831 1308 915 1377 bene
937 1306 1043 1376 edocti
1071 1305 1341 1375 conscenderunt.
1370 1305 1587 1375 Plurimorum

460 1424 558 1514 igitur
570 1443 727 1513 equorum
740 1442 837 1491 cursu
851 1430 1070 1509 concepto,-
1080 1418 1156 1508 quia
1170 1438 1237 1488 non
1251 1429 1316 1488 tam
1331 1418 1427 1507 [cito]
1441 1418 1589 1509 hyrundo

459 1538 613 1625 flexuosa,
639 1557 744 1625 neque
767 1534 916 1624 accipiter
943 1532 1125 1602 columbam
1152 1552 1362 1621 persequens,
1386 1552 1493 1622 neque
1517 1551 1590 1601 om·

459 1652 551 1739 nino,
572 1662 609 1720 ut
631 1652 743 1737 lentur,
768 1668 865 1717 omne
888 1647 1053 1715 falconum
1080 1666 1184 1735 genus
1207 1663 1282 1714 aera
1305 1645 1426 1714 findere
1452 1664 1588 1715 uacuum

392 1760 435 1831 to
459 1765 632 1857 aliquando
650 1764 721 1834 uisa
740 1773 817 1833 sunt
836 1781 934 1853 quam
948 1763 1002 1831 isti
1016 1760 1218 1849 cornipedes,
1236 1769 1274 1829 ut
1286 1761 1351 1848 rix,
1369 1760 1589 1830 dromedario-

457 1906 530 1954 rum
545 1904 634 1952 more
647 1882 857 1969 currentium,
873 1880 1056 1949 differentia
1070 1900 1090 1950 a
1102 1878 1370 1968 prospicientibus
1383 1880 1468 1949 inter
1481 1899 1589 1949 sesso·

459 2019 527 2068 rem
539 2011 571 2067 et
585 2018 710 2067 sessum
725 2017 782 2087 pre
794 2016 910 2065 cursus
922 1995 1085 2064 alacritate
1099 1994 1230 2083 agnosci
1242 1993 1415 2084 potuisset,
1429 2014 1589 2064 -cunc-

458 2110 501 2180 tis
519 2130 584 2179 nna
603 2130 638 2179 se
651 2110 797 2178 certatim
810 2107 1015 2178 moventibus
1029 2108 1070 2178 de
1083 2110 1154 2177 loco
1167 2109 1293 2197 agonis,
1313 2108 1387 2177 illos
1406 2127 1425 2176 a
1443 2109 1587 2198 sinistra,

458 2224 518 2292 hos
536 2230 643 2293 autem
669 2241 689 2290 a
711 2221 854 2309 dextera,
877 2222 999 2311 ipsein
1023 2220 1179 2290 directum
1200 2229 1297 2304 [mol.
1318 2238 1370 2292 tu
1392 2229 1441 2305 νο]
1461 2222 1588 2292 medius

389 2330 434 2400 15
459 2356 591 2406 currens
614 2334 703 2404 solus
722 2335 855 2403 Fracani
874 2334 1017 2403 caballus
1041 2354 1157 2403 omnes
1180 2335 1354 2404 antecellit.
1374 2336 1462 2404 Puer
1478 2347 1588 2405 autem

458 2468 559 2538 aquo
578 2448 747 2538 regebatur
764 2448 901 2537 Maglus,
922 2447 1111 2537 Conomagli
1129 2448 1229 2535 tilius,
1249 2448 1382 2517 Fracani
1402 2449 1585 2537 nutritoris,

337 2625 340 2631 .
456 2564 676 2654 appellabatur
697 2592 704 2631 ε
726 2563 818 2653 cnjus
836 2563 945 2633 subito
967 2582 1062 2633 casus
1087 2583 1194 2633 meror
1217 2564 1366 2633 omnium
1394 2564 1585 2654 circumspi-

457 2677 610 2748 cientium
630 2680 702 2748 suit.

499 2793 594 2883 Nam,
613 2814 687 2862 cum
711 2794 794 2863 ferre
815 2793 971 2882 impetum
994 2794 1154 2863 currentis
1177 2794 1252 2885 eqtri
1279 2816 1344 2865 non
1364 2795 1478 2885 valuit,
1500 2796 1585 2865 inter

385 2901 431 2970 20
455 2908 656 2977 acutissimas
670 2919 776 2996 petras
796 2909 949 2977 concidit.
974 2909 1074 2999 Cujus
1092 2910 1201 2978 statim
1220 2912 1460 2999 corpusculum,
1481 2931 1583 2979 mem·

454 3023 522 3091 bris
548 3042 604 3111 per
632 3022 741 3091 omnia
768 3023 878 3092 fractis
896 3035 938 3093 'et
963 3024 1190 3095 miserabiliter
1213 3027 1348 3112 collisis,
1365 3027 1433 3116 jam
1457 3026 1508 3095 sui
1531 3044 1584 3094 ac-

454 3145 608 3225 ceperunt
639 3146 816 3222 mortuum,
850 3147 945 3205 antea
976 3139 1115 3207 multum
1142 3139 1220 3225 laeti,
1250 3160 1339 3209 nunc
1369 3160 1445 3209 vero
1474 3140 1582 3209 tristes

455 3250 571 3318 ellecti.
602 3250 705 3331 Quem
739 3250 789 3317 sui
818 3249 938 3319 flebant
964 3261 1127 3341 parentes,
1156 3262 1189 3321 et
1217 3273 1254 3321 os
1280 3253 1322 3320 ad
1350 3274 1388 3321 os
1419 3254 1584 3342 confinge-

453 3363 544 3451 bant,
574 3372 670 3451 utque
693 3365 802 3432 omnia
825 3367 969 3434 membra
1000 3367 1217 3455 particulatim
1241 3368 1502 3456 recompaginare
1530 3367 1582 3436 ni-

384 3479 429 3548 25
455 3486 572 3563 tentes,
594 3478 736 3545 studium
755 3480 909 3569 gerebant
927 3480 1102 3549 incassum.
1119 3481 1270 3549 Plorabat
1288 3502 1415 3570 quoque
1433 3482 1582 3571 precipue

454 3601 487 3658 et
505 3590 681 3678 Fracauus,
703 3592 794 3680 cujus
818 3602 910 3661 reatu
933 3593 1042 3661 omnia
1066 3614 1139 3681 quae
1162 3594 1355 3663 accidissent
1374 3595 1458 3663 mala
1477 3595 1583 3663 conti-

455 3708 541 3797 gisse
559 3708 691 3795 serebat,
711 3720 744 3777 et
768 3718 854 3779 totus
877 3711 1022 3801 undique
1045 3712 1219 3802 promiscui
1243 3732 1340 3781 sexus
1363 3713 1489 3801 ploratu
1508 3734 1582 3782 cum

455 3822 520 3890 alto
540 3823 663 3911 gemitu
683 3833 715 3891 et
734 3824 854 3913 ejulatu
875 3827 1015 3914 repletur
1032 3845 1098 3895 aer.
1121 3827 1276 3915 landem,
1292 3848 1367 3896 cum
1388 3829 1581 3897 sufficienter

454 3934 587 4004 modum
615 3937 781 4006 dedissent
809 3939 898 4007 fletui
928 3941 1140 4009 lassescentes
1167 3970 1174 4008 :
1201 3947 1297 4024 [not.
1322 3949 1388 4025 uz]
1421 3968 1435 4002 u
1466 3941 1582 4011 Tollite

385 4046 429 4116 30
454 4050 543 4137 binc,
563 4050 727 4140 inquiunt,
747 4072 820 4120 eum
846 4053 887 4121 ad
905 4048 1138 4142 sepeliendum,
1160 4073 1235 4123 nam
1258 4056 1357 4123 nichil
1376 4056 1465 4125 aliud
1483 4056 1581 4125 debe-

453 4174 508 4233 tur
526 4173 653 4233 mortuo
669 4165 734 4253 jam
755 4166 839 4235 lacto
857 4168 921 4236 nisi
941 4168 1160 4257 sepulchrum.
1180 4196 1195 4229 >³
1217 4168 1266 4237 llli
1287 4179 1394 4239 autem
1413 4171 1469 4260 qui
1490 4170 1581 4259 prius

452 4278 558 4348 sancti
588 4279 778 4349 Uninualoei
809 4282 978 4351 audierant
1010 4293 1106 4372 atque
1138 4294 1295 4353 noverant
1325 4284 1460 4354 virtutes
1491 4285 1580 4353 dioc·

452 4392 531 4464 bant
565 4419 573 4465 z
610 4422 626 4457 α
656 4396 739 4466 Vere
768 4397 797 4467 si
828 4397 926 4468 modo
957 4399 1020 4469 buc
1052 4410 1184 4471 sanctus
1215 4411 1328 4471 noster
1358 4402 1579 4472 Uninualoeus
