3459 5667
642 548 822 617 ...29-

168 684 320 753 illustret.
348 684 412 767 Qui
436 685 605 773 temporali
628 695 786 775 potestate
810 684 968 755 subnixus
991 693 1052 769 est,
1080 682 1253 771 obpressos
1280 700 1301 749 a

163 796 318 867 -riolentis
345 797 476 867 relevet.
509 798 572 881 Qui
604 800 779 889 prophetiae
807 799 922 888 spiritu
953 797 1071 886 plenus
1096 805 1159 880 est,
1188 814 1206 863 a
1236 795 1301 864 rita

165 912 303 1001 proximi
331 911 415 980 mala
448 912 650 982 imminentia
682 913 767 982 bona
799 912 965 982 suadendo
998 910 1151 996 declinet3
1170 916 1215 978 'et
1243 909 1300 999 qui

165 1023 303 1113 gratiam
321 1043 450 1113 quoque
469 1026 645 1095 curationis
663 1027 795 1115 aceepit,
811 1024 1075 1095 intercessionem
1089 1042 1182 1092 suam
1203 1023 1299 1092 saluti

165 1138 399 1207 infirmantium
437 1139 488 1228 pie
524 1149 556 1209 et
593 1141 760 1210 humiliter
797 1140 974 1229 impendat.
1008 1139 1071 1222 Qui
1107 1157 1126 1207 a
1163 1136 1300 1207 terrenis
1339 1138 1370 1208 25

167 1251 270 1336 [For.
294 1250 423 1342 um]
442 1252 568 1321 actibus
587 1253 668 1321 liber
692 1253 754 1322 soli
780 1253 847 1322 lleo
873 1271 987 1322 vacare
1011 1252 1143 1337 meruit,
1164 1269 1222 1339 pro
1241 1250 1298 1318 de-

165 1364 388 1454 linquentibus
417 1365 569 1435 lratribus
598 1377 728 1435 exoret·
747 1366 811 1435 Sed
839 1366 1006 1435 sciendum
1032 1364 1124 1433 ralde
1151 1375 1201 1433 est
1221 1364 1299 1453 quia

151 1478 214 1547 ,sie
232 1479 352 1549 electos
370 1498 517 1568 quosque
535 1479 576 1547 ad
596 1479 680 1548 bona
700 1478 831 1547 tendere
850 1488 988 1567 oportet,
1009 1487 1045 1546 ut
1063 1477 1105 1545 ad
1125 1477 1206 1545 mala
1225 1498 1298 1565 per·

165 1590 321 1679 petranda
353 1612 418 1661 non
451 1592 594 1660 redeant.
630 1591 692 1675 Qui
724 1591 811 1659 enim
845 1589 1098 1680 perseveraverit
1129 1609 1233 1677 usque
1264 1588 1298 1657 iu

164 1702 276 1789 finem,
309 1703 362 1772 bie
393 1704 501 1773 salvus
534 1705 610 1791 erit3
646 1717 690 1793 et,
721 1705 804 1773 sieut
836 1726 893 1793 per
926 1704 1133 1774 Salomonem
1166 1702 1295 1789 dieitur,
1326 1706 1369 1775 td

128 1906 146 1913 -
162 1817 324 1906 justorum
343 1819 460 1888 semita
477 1821 570 1909 quasi
589 1820 644 1890 lux
663 1820 837 1909 splendens
856 1819 1000 1910 procedit
1017 1829 1050 1888 et
1067 1818 1181 1888 erescit
1195 1836 1299 1907 usque

164 1933 206 2001 ad
224 1935 400 2023 perfeetum
421 1935 519 2004 diem.
542 1936 578 2003 In
599 1956 711 2005 eorum
730 1955 872 2026 namque
894 1936 1002 2005 anima
1024 1935 1146 2004 bonum
1170 1932 1297 2001 doside·
1351 1992 1353 1994 ,

164 2048 251 2117 rium
277 2059 374 2138 atque
400 2051 585 2121 intellectus
613 2051 695 2121 lucis
721 2052 844 2123 intimae
869 2052 935 2141 jam
964 2070 1038 2139 pars
1061 2050 1118 2118 Dei
1147 2058 1207 2119 est.
1233 2046 1298 2117 Sed

164 2163 242 2252 quia
260 2184 363 2253 usque
383 2165 424 2233 ad
448 2166 546 2235 finem
570 2166 644 2236 vitae
668 2167 701 2235 in
720 2166 838 2235 virtute
857 2166 1041 2255 proliciunt,
1062 2166 1101 2233 ad
1120 2166 1296 2254 perlectum

164 2276 251 2344 diem
270 2287 349 2347 tuuc
366 2278 513 2366 veniunt,
530 2280 672 2368 quaudo,
693 2279 733 2347 ad
752 2298 850 2369 regna
869 2280 1008 2348 oaelestia
1027 2279 1185 2368 perducti,
1206 2278 1240 2346 iu
1259 2296 1298 2348 ea
1325 2274 1368 2356 lb

164 2391 237 2463 luae
255 2410 353 2482 quam
372 2393 557 2464 desiderant
571 2394 639 2483 jam
657 2394 766 2463 miuus
784 2393 907 2484 aliquid
925 2394 1101 2463 babebuut.
1127 2422 1142 2455 »

596 2731 743 2806 CAPUT
778 2731 863 2806 XIII

509 2971 557 3037 De
582 2971 799 3039 adherentibus
821 2974 948 3039 sanctis.

160 3236 164 3243 ·
207 3204 293 3275 Hine
314 3203 397 3275 bene
420 3206 460 3275 de
484 3207 713 3277 adherenttbus
734 3207 855 3278 sanctis
880 3206 958 3277 viris
982 3226 1039 3295 per
1061 3206 1295 3276 Hiezeebielem

161 3318 298 3407 diuitur3
328 3339 404 3389 nam
433 3320 575 3411 loquitur
602 3321 714 3390 diceus
744 3348 752 3390 ε
787 3350 801 3383 u
833 3323 875 3389 Et
902 3320 1081 3389 similitudo
1106 3328 1203 3403 [For.
1225 3317 1295 3409 ta]

164 3433 368 3519 animalium,
388 3446 536 3522 aspectus
559 3455 670 3505 eorum
690 3435 783 3525 quasi
808 3434 985 3503 carbonum
1010 3435 1095 3523 ignis
1113 3434 1296 3503 ardentium
1355 3449 1360 3501 ζ

164 3556 197 3615 et
215 3546 307 3637 quasi
325 3558 476 3637 aspectus
494 3548 726 3638 lampadarum.
752 3577 767 3611 »
788 3551 949 3637 Aspeotus
973 3547 1163 3615 animalium
1181 3547 1295 3616 carbo·
1321 3549 1367 3617 20

163 3659 260 3727 uibus
288 3658 373 3748 ignis
401 3658 591 3729 ardentibus
616 3671 713 3750 atque
737 3661 939 3750 lampadibus
957 3673 1173 3749 eomparatur.
1195 3662 1295 3745 Quis·

161 3770 235 3860 quis
254 3770 343 3839 enim
369 3773 542 3841 carbonem
568 3774 671 3863 tangit
695 3774 895 3862 inoeuditur3
921 3775 998 3865 quia
1021 3775 1075 3864 qui
1095 3775 1210 3844 saneto
1227 3776 1295 3845 viro

161 3883 366 3971 adheretpex
385 3885 455 3974 ejus
479 3886 668 3969 assiduitate
687 3887 837 3975 risionis,
858 3908 922 3957 usu
941 3887 1128 3974 locutionis,
1149 3890 1296 3978 exemplo

161 3996 280 4085 operis,
302 3996 416 4086 accipit
439 4008 476 4067 ut
500 4000 694 4071 accendatur
721 4002 755 4069 in
781 4020 891 4069 amore
914 4001 1070 4088 veritatis,
1090 4012 1295 4090 peecatorum
1353 4014 1357 4055 ῑ

159 4126 296 4180 suorum
323 4110 473 4181 tenebras
496 4114 609 4203 fugiat,
634 4114 668 4182 in
696 4113 854 4183 desiderio
875 4113 957 4183 lueis
979 4115 1176 4202 exardescat,
1197 4114 1295 4184 etiam
1320 4116 1365 4185 25

160 4242 236 4293 reru
264 4232 374 4294 amore
402 4226 513 4296 ardeat
540 4226 596 4317 qui
620 4228 708 4316 prius
735 4228 770 4296 in
794 4228 965 4317 iniquitate
990 4238 1119 4298 tautum
1146 4240 1295 4313 mortuus

157 4347 320 4427 quantum
334 4337 472 4429 frigidus
487 4339 623 4428 jacebat.
640 4340 822 4433 Lampados
840 4360 918 4411 roro
932 4341 1036 4426 luoem
1055 4362 1146 4412 suam
1159 4342 1295 4433 ¹longius
