3459 5667
1227 593 1620 673 -107—

380 733 621 803 Fratris
657 750 802 802 cara
838 733 959 814 tui,
1002 732 1305 821 propulsa
1342 741 1549 799 morte
1584 731 1821 799 tenaci.

386 853 578 930 [Ful.
630 853 817 928 112]
860 844 1159 912 Perditus
1198 855 1296 912 est
1335 844 1561 912 oculus
1599 844 1804 912 veloci
1842 843 2140 931 praepetis
2178 861 2375 928 ausu,

381 962 698 1030 Redditus
737 981 818 1028 en
859 961 1121 1044 iterum,
1164 959 1400 1029 Christi
1443 956 1743 1027 veniente
1781 953 2105 1027 ministro.

387 1077 683 1158 Quantus
723 1083 858 1142 erat
894 1078 1175 1142 mestum
1214 1075 1429 1141 luctus
1466 1073 1872 1162 gemitusque
1907 1082 2272 1162 parentum,

388 1191 548 1260 Cum
587 1209 854 1258 vacuam
894 1199 1192 1274 cernunt,
1236 1189 1462 1257 evulso
1503 1189 1774 1273 lumine,
1817 1187 2128 1256 frontem!

385 1307 822 1395 Ereptumque
863 1305 1080 1373 vident
1117 1325 1293 1389 eum,
1334 1311 1511 1371 secto
1548 1312 1772 1371 ventre
1810 1302 2118 1388 volantiS,

386 1417 635 1487 Rursus
671 1435 849 1486 more
884 1436 1003 1485 suo
1043 1417 1354 1504 positum,
1397 1434 1541 1504 quae
1580 1414 1814 1504 gaudia
1849 1415 2143 1504 pulsant!

953 1703 1034 1770 X.
1079 1740 1160 1753 —
1200 1704 1295 1771 De
1332 1703 1630 1787 discipulo
1666 1711 1909 1769 curato.

481 1946 833 2015 Fortunate
866 1965 1029 2034 puer
1064 1946 1420 2034 Tethgone,
1462 1965 1693 2034 sopore
1731 1945 2011 2034 sopituS‚

393 2060 641 2131 Callida
677 2062 918 2129 versuti
959 2081 1089 2129 non
1131 2081 1409 2129 noscens
1447 2062 1613 2129 faeta
1650 2060 1946 2147 chelidri,

394 2176 493 2244 Ad
530 2175 725 2243 talem
764 2175 968 2243 curris
1005 2175 1363 2262 preclarum
1403 2175 1523 2242 rite
1563 2175 1969 2263 magistrum,

396 2280 877 2379 Ostensumque
914 2290 1167 2377 pedem,
1211 2310 1361 2357 eum
1400 2299 1534 2358 toto
1573 2309 1840 2378 corpore
1877 2299 2161 2377 tensum,

396 2406 704 2495 Deposeis
739 2407 884 2474 tabe
924 2407 1157 2495 eripier
1194 2418 1529 2495 grassante
1567 2427 1843 2475 veneno.

396 2520 699 2588 Vulneris
737 2521 841 2589 hic
875 2538 1085 2588 causae
1124 2540 1412 2609 quaequae
1450 2519 1535 2586 sit
1572 2519 1754 2606 origo
1794 2520 2140 2611 proposcit,

399 2631 673 2701 Condita
711 2633 948 2723 quippe
987 2632 1348 2721 nequibunt
1386 2632 1537 2700 inde
1576 2641 1741 2700 tecta
1779 2631 2049 2717 mederi,
2089 2657 2096 2662 ·

398 2746 848 2839 Aspersusque
883 2746 1063 2836 viges
1101 2745 1387 2836 lympha,
1427 2755 1727 2834 serpente
1762 2754 2118 2835 peremptO.

978 3033 1089 3102 Xl.
1135 3069 1215 3084 —
1254 3034 1349 3101 De
1381 3040 1628 3117 pastore
1664 3034 1901 3100 ovium.

487 3270 763 3359 Egregia
799 3278 898 3339 est
934 3269 1139 3338 virtus
1174 3289 1309 3337 non
1347 3269 1773 3356 pretereunda
1809 3268 2056 3354 referri,

401 3386 637 3456 Custos
676 3405 869 3476 quam
906 3384 1226 3474 pecudum
1264 3385 1498 3453 meruit
1534 3385 1927 3468 Quonetbeti
1968 3384 2258 3474 adipisci.

398 3499 600 3591 [Fon.
648 3518 804 3570 11¹2
853 3503 960 3587 νο]
1003 3498 1349 3568 Custodem
1388 3500 1609 3568 clauso
1649 3500 1975 3569 sternebat
2014 3499 2215 3569 densa
2255 3500 2459 3591 caligo

400 3615 656 3684 Limine
686 3616 821 3705 jam
859 3616 1046 3702 lueis,
1091 3615 1291 3684 mixto
1329 3615 1659 3704 ymbribus
1696 3635 1842 3684 aere
1883 3626 2042 3702 tom,

402 3730 803 3819 Erectusque
840 3738 1053 3817 caput,
1092 3731 1299 3819 lyreos
1339 3729 1742 3798 circumdare
1778 3729 1961 3798 vidit.

405 3842 657 3911 Anxius
692 3852 757 3911 et
790 3843 1066 3912 tremulo
1105 3853 1446 3932 quassatus
1488 3843 1682 3912 eorda
1719 3863 1979 3932 pavore,

405 3956 761 4025 Auxilium:
780 3957 985 4025 sancti
1023 3957 1313 4045 deposcit
1347 3957 1760 4045 Uuinualoei,

404 4071 539 4141 Nec
573 4081 934 4142 remoratus
969 4092 1157 4160 opem
1195 4073 1299 4142 hic
1343 4092 1602 4162 quoque
1638 4072 1818 4142 venit
1859 4073 2026 4142 serre
2067 4073 2343 4162 roganti.

2629 2162 2653 2226 ·1
2669 2158 2713 2222 n

2633 3718 2717 3778 ⁸2⁴]
