3459 5667
645 580 831 651 .-5-

232 716 315 787 VIII.
337 717 384 787 Ile
411 717 634 789 fantasmatica
659 719 777 790 diaboli
805 718 1046 791 machimtioue
1071 728 1184 793 contra
1209 720 1318 793 'virum

188 832 260 917 Dei,
282 842 314 901 et
331 832 494 922 quomodo
513 832 629 903 abillo
648 846 818 924 superatus
837 835 892 905 sit.

232 947 287 1016 IX.
310 946 390 1015 Item
409 947 673 1017 commemoratio
686 948 850 1038 quomodo
868 967 888 1019 a
907 947 1061 1019 uicesimo
1078 946 1184 1018 aetatis
1201 968 1268 1019 suae
1285 958 1318 1020 et

187 1062 293 1151 prImo
311 1060 425 1130 uiuerit
444 1066 541 1144 [not.
564 1066 600 1143 a]
622 1079 720 1130 anno.

232 1180 272 1248 X.
295 1181 341 1249 De
360 1178 554 1249 vestimento
573 1178 646 1269 ejus
664 1178 814 1270 cylicino.
1367 1169 1391 1238 5
1490 1212 1495 1221 ·

230 1292 287 1361 XI.
308 1293 355 1361 Ile
373 1292 443 1381 ejus
462 1292 553 1381 cybo.

233 1406 303 1477 XII.
325 1409 372 1477 Ile
390 1427 507 1498 genere
525 1418 623 1497 potus
641 1408 724 1499 ejus,
740 1417 772 1478 et
790 1407 832 1478 dc
849 1407 920 1498 ejus
934 1407 1120 1478 monasterii
1138 1405 1318 1478 arctissima

188 1521 432 1594 conuersatione
456 1542 560 1612 usquc
586 1522 628 1591 ad
651 1542 774 1592 annum
797 1522 988 1612 Lodouuici,
1012 1521 1150 1613 piissimi
1179 1521 1316 1611 impera·

188 1637 281 1721 toris,
302 1635 427 1723 imperii
446 1635 608 1726 quintum.

231 1748 317 1819 XIII.
337 1748 384 1818 Ile
402 1760 550 1837 precepto
569 1749 713 1840 ejusdem
732 1748 948 1839 imperatoris.
1344 1749 1388 1820 Io

230 1860 328 1931 XIIII.
350 1864 396 1933 Ile
416 1863 594 1953 psalmodia
609 1864 752 1953 ejusdem
768 1865 885 1949 sancti,
900 1875 933 1934 et
945 1863 1034 1955 quod
1048 1884 1113 1935 non
1130 1863 1197 1955 jam
1215 1863 1315 1934 homo

186 1999 372 2070 corporeus,
392 1992 522 2073 propter
544 1983 766 2053 excellentiam
785 1983 926 2072 virtuus,
951 1983 1124 2074 putabatur
1145 2002 1165 2052 a
1188 1982 1312 2070 multis,

186 2094 242 2163 sed
262 2095 408 2185 angelus.

229 2207 298 2277 XV.
318 2210 365 2278 Ile
384 2209 499 2280 humili
522 2210 690 2297 Gradloni,
715 2210 975 2281 Cornubensium
998 2210 1097 2301 regis,
1121 2209 1208 2299 apud
1232 2228 1314 2279 eun·

186 2320 259 2391 dem
279 2332 312 2392 et
330 2324 478 2394 IamiIIari
498 2326 706 2397 allocutione.
1343 2320 1387 2389 15

229 2436 311 2506 XVI.
333 2439 379 2507 Ile
397 2437 541 2526 ejusdem
560 2438 683 2509 reddita
702 2439 743 2509 ad
767 2459 875 2529 regem
901 2438 1151 2529 prudentissima
1176 2458 1312 2527 respon·

186 2552 277 2621 sione
296 2562 329 2621 et
347 2552 561 2643 pulcherrima
581 2552 809 2642 predicatione.

228 2665 326 2734 XIIII.
347 2665 441 2753 Item,
462 2664 502 2735 de
521 2666 623 2754 ipsius
643 2666 728 2756 regis
745 2664 956 2755 subiectione.

229 2786 325 2862 [rol.
351 2797 371 2850 a
395 2784 443 2862 m]
463 2778 575 2847 XVIII.
598 2778 691 2863 Item,
712 2778 752 2847 de
775 2777 862 2848 dono
881 2778 967 2867 regIs
989 2796 1086 2867 paruo
1105 2796 1163 2866 pro
1186 2777 1314 2867 magnit

184 2892 331 2983 ingestis,
347 2892 470 2962 Rihooo
484 2892 661 2981 presbitero
675 2902 708 2961 et
721 2894 878 2961 monacho
893 2902 1005 2962 sancto
1020 2903 1166 2983 rogante,
1182 2889 1312 2960 tandem
1339 2889 1385 2958 20

183 3018 378 3190 suslilelliiolle
396 3117 566 3188 altitudine
585 3116 756 3187 Cornuhiae
774 3129 806 3188 et
823 3118 895 3210 ejus
914 3117 1095 3187 nobilitate.
1188 3171 1192 3176 .

227 3234 295 3303 XX.
316 3234 411 3317 Item,
432 3232 472 3301 de
491 3231 634 3323 ejusdem
654 3233 848 3303 contritione
866 3244 900 3303 et
918 3231 1128 3323 subjectione.

226 3348 310 3417 XXI.
332 3348 426 3431 Item,
445 3346 487 3416 de
504 3347 574 3437 ejus
593 3347 701 3416 lutura
718 3348 931 3436 reparatione.

226 3462 326 3530 XXII.
347 3462 394 3529 Ile
413 3460 525 3529 Rilroci
545 3461 648 3530 sancti
668 3461 800 3550 predicti
821 3461 1031 3531 suscitatione
1048 3459 1174 3531 matris.
1337 3460 1383 3529 25

226 3575 341 3643 XXIII.
366 3575 413 3644 lle
437 3575 598 3645 latronum
622 3576 735 3665 rapina
762 3585 794 3645 et
819 3575 996 3646 miserabili
1021 3594 1117 3664 poena
1139 3593 1196 3645 eos
1221 3572 1311 3644 inse-

181 3703 266 3762 outa.

224 3810 352 3879 XXIIII.
374 3811 467 3898 Item,
492 3811 525 3879 In
549 3811 679 3881 eosdem
702 3810 743 3881 de
766 3811 910 3902 ejusdem
930 3809 1031 3880 sancti
1050 3808 1258 3879 miseratione
1277 3817 1310 3878 et

180 3943 292 3995 eorum
312 3925 449 3994 mirabili
469 3926 690 3995 conversione.

223 4038 320 4108 XXV.
341 4039 435 4126 Item,
455 4038 495 4108 de
514 4038 658 4129 ejusdem
678 4037 806 4109 virtutis
824 4037 1039 4127 expositione.
1339 4038 1383 4108 30

224 4151 335 4221 XXVI.
357 4151 451 4235 Quod
469 4172 564 4222 nemo
583 4152 617 4221 iu
636 4152 747 4223 eodem
768 4153 838 4221 loco
857 4162 981 4242 poterat
1001 4151 1096 4239 mori,
1112 4160 1145 4220 et
1163 4150 1204 4222 de
1222 4150 1311 4242 ejus·

181 4265 253 4336 dem
273 4266 335 4335 Ioci
353 4277 467 4355 rogatu
482 4264 626 4359 [senum]
646 4266 802 4351 motione,
822 4275 855 4336 ct
873 4265 913 4337 de
931 4266 1076 4356 angelica
1095 4264 1197 4358 [rot.
1219 4270 1257 4348 ο]
1277 4273 1310 4334 et

181 4378 353 4471 allegorIca
371 4380 579 4452 allocutione.
625 4420 627 4424 ·
