3459 5667
649 651 694 681 ..ι
719 627 761 698 13
782 666 824 681 ..-

168 789 318 862 quaerens
337 769 468 838 inuenta
487 770 620 839 tenebit.
641 771 784 840 lntidelis
802 778 910 839 autern
935 769 1031 837 etiam
1054 768 1117 837 hoc
1136 767 1221 857 quod
1240 768 1299 836 ha·

168 884 245 953 bere
262 882 402 967 videtur,
423 883 586 953 auferetur
603 884 643 953 ab
666 884 733 953 illo.
759 913 774 947 n
795 884 871 952 llaec
889 894 922 953 et
939 882 1002 951 alia
1020 881 1123 950 multa
1144 880 1298 966 dictante,

167 1012 259 1091 patre
278 1021 354 1070 vero
373 1022 440 1070 rem
460 1001 494 1069 in
519 1002 615 1071 corde
638 1002 734 1072 tacite
757 1002 995 1088 considerante,
1015 999 1164 1069 simulet
1185 997 1301 1067 ammi·
1329 1034 1333 1042 ι

167 1126 260 1183 rante
277 1116 428 1204 quisnam
450 1125 535 1185 esset
553 1116 615 1185 iste
633 1117 683 1185 vir
701 1116 830 1203 (etenim
855 1116 987 1184 Domini
1007 1132 1121 1183 manus
1139 1124 1208 1181 erat
1226 1130 1300 1180 curn

167 1228 247 1316 illo),
268 1248 341 1298 ecee
360 1238 449 1297 totus
462 1229 584 1314 subito,
601 1230 669 1298 sole
682 1240 869 1317 apparente,
885 1230 939 1319 qui
959 1226 1162 1297 Uelamensis
1182 1226 1301 1295 dicitur
1348 1215 1371 1284 5

166 1361 270 1434 pagus
288 1343 421 1433 effulsit,
438 1355 470 1416 et
489 1344 559 1415 dies
577 1344 784 1415 serenissima
805 1353 903 1429 [rot.
919 1350 984 1428 aa]
1004 1362 1108 1433 usque
1126 1342 1166 1412 ad
1187 1362 1301 1432 respe-

165 1475 234 1526 ram
254 1456 372 1527 illuxit.

616 1688 789 1763 CAPUT
824 1688 857 1763 V

454 1924 501 1989 De
519 1942 627 1989 eorum
647 1924 783 1989 aduentu
802 1925 1004 1990 interulam.

210 2148 286 2217 Sole
304 2148 402 2237 igitur
419 2148 550 2218 tandem
569 2170 626 2239 per
639 2150 769 2220 climata
783 2150 851 2220 caeli
867 2150 987 2220 devera
1001 2159 1151 2239 vergente
1169 2159 1296 2219 austra·
1346 2210 1348 2213 ,

165 2262 221 2351 lia,
242 2261 282 2331 ad
301 2262 406 2332 locum
426 2283 601 2353 properans
621 2264 832 2353 destinatum,
854 2264 1003 2332 familiari
1023 2284 1096 2333 cum
1115 2261 1203 2332 dioto
1221 2262 1299 2331 doc-

166 2390 235 2450 tore
267 2401 346 2450 usus
379 2380 553 2471 colloquio,
584 2401 714 2450 omnem
739 2382 865 2452 itineris
895 2382 945 2450 sui
971 2400 1101 2451 causam
1133 2401 1298 2472 exponens
1326 2379 1370 2447 ld

165 2514 203 2565 ac
221 2494 441 2566 difficultatem
467 2498 613 2587 prelatus
636 2509 726 2587 pater
749 2498 854 2567 eidem
878 2497 1032 2566 indicavit
1064 2498 1229 2587 magistro.
1255 2497 1298 2566 At

164 2609 277 2678 doctor
299 2611 468 2699 aegregius,
494 2612 591 2682 verba
614 2612 775 2681 narrantis
798 2612 924 2682 intento
943 2612 1096 2681 hauriens
1117 2611 1226 2681 animo
1244 2630 1296 2680 se·

165 2741 304 2811 cumque
329 2722 439 2791 audita
457 2744 629 2812 parumper
651 2734 841 2811 retraetans,
862 2734 931 2792 tum
951 2724 1081 2793 demum
1101 2724 1162 2793 sibi
1182 2741 1299 2812 parvu-

164 2834 232 2901 lum
256 2834 360 2903 accire
379 2836 530 2925 precepit.
552 2837 610 2905 llle
633 2848 742 2905 autem
766 2837 886 2905 Sancto
907 2836 1061 2905 incitatus
1081 2836 1216 2925 Spiritu,
1239 2855 1299 2903 nec

164 2966 267 3035 mura,
292 2948 440 3017 concitus
463 2950 528 3018 acsi
544 2950 610 3039 jam
632 2948 781 3040 plurimis
805 2950 949 3019 imbutus
971 2952 1006 3017 in
1031 2950 1140 3035 annis,
1167 2948 1298 3018 nemine
1326 2945 1369 3015 15

164 3060 313 3148 docente,
339 3062 459 3130 totuin
484 3072 601 3131 terram
623 3072 801 3154 prostratus
821 3082 954 3151 corpore
972 3061 1013 3131 ad
1036 3061 1133 3130 talem
1159 3060 1298 3130 adorans

163 3176 299 3244 accessit
318 3188 501 3265 patronum.
519 3178 615 3246 Hunc
629 3199 704 3247 vero
720 3178 873 3267 magister
887 3178 996 3246 divino
1010 3176 1163 3266 providus
1181 3176 1298 3265 spiritu

163 3289 441 3377 splendescentem
462 3292 529 3381 jam
554 3314 703 3381 cernens,
730 3294 805 3361 talia
831 3314 965 3363 exorsus
989 3294 1036 3362 sic
1064 3303 1186 3381 patrem
1216 3290 1299 3358 allo·

163 3401 276 3491 quitur
294 3410 391 3485 [mol.
410 3421 459 3475 aa
479 3412 527 3489 νο]
549 3404 659 3474 diceus
680 3432 687 3473 :
709 3407 880 3475 «Puerum
901 3427 997 3495 quem
1017 3404 1115 3473 miolri
1131 3423 1299 3472 commen·

163 3515 222 3585 das
249 3517 343 3586 video
371 3518 517 3587 moribus
542 3519 770 3589 transcendere
792 3530 933 3589 aetatem.
958 3519 1077 3588 Puerili
1097 3518 1298 3607 grandevum
1325 3513 1370 3581 20

163 3630 196 3697 in
217 3630 317 3698 forma
337 3632 501 3719 conspicio
519 3633 623 3702 virum
642 3663 649 3701 ι
667 3633 865 3720 innocentia,
881 3632 1041 3718 castitate,
1060 3632 1201 3720 puritate
1220 3651 1298 3720 pue·

162 3763 248 3829 rum,
270 3744 392 3833 ingenii
412 3756 519 3814 tamen
541 3747 713 3835 sagacitate
733 3747 842 3815 divina
858 3747 924 3837 jum
950 3746 1084 3815 solerter
1103 3746 1171 3813 sola
1190 3745 1298 3814 erudi-

163 3870 231 3930 tum
252 3862 420 3952 sapientia.
439 3866 558 3933 Hortus
578 3865 762 3934 Salomonis
781 3865 957 3933 conclusus
975 3874 1008 3933 et
1026 3864 1186 3953 signatae,
1203 3872 1299 3951 utque

163 3974 310 4044 omnium
332 3978 538 4063 perhenniter
556 3978 672 4067 plenus
689 3998 873 4067 pomorum.
899 4006 913 4039 t
935 3977 995 4045 His
1019 3989 1051 4045 et
1070 3976 1143 4045 aliis
1162 3977 1246 4044 inter
1263 3996 1299 4045 se

163 4085 334 4163 condietis,
355 4087 501 4175 ejusdem
522 4100 612 4178 pater
631 4092 752 4177 parvuli
774 4091 811 4178 (si
833 4092 881 4160 las
901 4103 950 4161 est
968 4091 1030 4159 dici
1052 4090 1226 4184 paruulum
1242 4091 1297 4181 qui
1324 4086 1369 4155 25

166 4198 221 4266 Dei
241 4200 472 4287 contemplatui
488 4201 553 4290 jam
575 4203 772 4290 conspicitur
791 4205 952 4293 maguus),
975 4223 1068 4272 marre
1082 4223 1297 4293 consurgens,

164 4326 323 4401 aeceptaa
341 4316 407 4384 viro
423 4316 479 4385 Dei
497 4317 733 4406 benedictione,
749 4340 807 4409 per
821 4320 904 4388 viana
924 4339 986 4410 qua
1001 4330 1133 4389 uenerat
1147 4337 1298 4410 prospere

166 4425 300 4496 domum
319 4448 468 4500 reversus
487 4440 547 4500 est.
