3459 5667
937 589 1112 659 ...66-

460 726 605 817 germina
618 746 802 816 erumpens,
820 727 934 797 ultimo
949 729 1024 798 lolia
1043 729 1211 814 amittens,
1232 728 1322 797 locus
1335 727 1470 816 inquam
1489 725 1587 795 aueo

460 841 672 910 servitoribus
695 842 765 910 suis
788 852 990 930 preparatus,
1017 842 1132 910 hortus
1151 842 1325 930 omnigeno
1348 841 1464 909 florum
1481 841 1587 908 colore

460 955 642 1040 decoratus,
668 956 702 1023 in
730 976 794 1044 quo
817 976 883 1023 non
907 955 1015 1024 solum
1037 965 1217 1041 terrestres,
1242 955 1298 1023 sed
1325 954 1460 1023 celestes
1483 953 1588 1041 potius

460 1069 675 1158 adquiruntur
703 1069 840 1138 fructus.
865 1069 972 1157 Atque
998 1070 1060 1137 hoc
1086 1088 1216 1158 quoque
1244 1089 1283 1138 ex
1310 1087 1349 1137 eo
1377 1068 1429 1136 die
1457 1067 1586 1156 privile-

410 1183 547 1274 5gium
576 1203 702 1271 semper
729 1203 833 1272 usque
859 1203 948 1251 nunc
975 1183 1083 1269 habet,
1116 1183 1202 1270 quod
1230 1200 1397 1272 nunquam
1429 1181 1587 1250 femineus

459 1298 597 1366 cundem
621 1299 729 1366 locum
754 1317 828 1366 cum
852 1297 1006 1366 omnibus
1029 1297 1128 1384 septis
1148 1297 1219 1385 ejus
1241 1296 1304 1365 late
1323 1317 1380 1384 per
1403 1295 1585 1379 circuitum,

459 1409 552 1498 quasi
578 1409 647 1498 lege
674 1430 714 1478 ex
741 1429 797 1478 ore
827 1410 931 1478 sancti
957 1409 1149 1477 Uuinualoei
1179 1410 1315 1494 sancita,
1339 1409 1508 1477 temeravit
1535 1407 1587 1474 in-

458 1523 585 1591 troitus.
620 1523 689 1591 Illic
720 1543 797 1613 ergo
828 1544 868 1592 eo
900 1524 933 1590 in
965 1523 1036 1592 loco
1060 1523 1224 1592 tutissimo
1252 1523 1364 1594 sedere
1390 1523 1584 1608 maluerunt,

458 1636 563 1706 Deum
582 1657 640 1727 per
657 1637 767 1707 omnia
785 1637 1013 1728 glorificantes.

763 1935 787 2051 j
891 1965 1067 2041 aaron
1100 1966 1155 2040 vr

585 2209 633 2273 Dc
651 2208 766 2290 optimo
784 2208 924 2290 scutrum
941 2209 1067 2273 seruitio
1085 2213 1178 2291 atquc
1196 2207 1453 2290 familiarissimo.

389 2447 433 2516 ld
502 2445 546 2512 At
573 2453 663 2532 tunc,
693 2444 781 2513 velut
808 2463 885 2534 apes
914 2444 954 2513 ad
982 2443 1138 2533 apiarium
1165 2445 1304 2514 multum
1337 2444 1398 2513 sibi
1430 2443 1583 2534 placitum

457 2560 692 2628 ferventissime
710 2563 785 2628 adm
803 2581 838 2630 se
856 2580 922 2629 una
945 2582 1020 2629 cum
1044 2582 1119 2650 rege
1142 2581 1201 2630 suo
1225 2561 1259 2629 in
1286 2582 1388 2630 unum
1408 2579 1584 2650 cougrega-

456 2674 523 2742 rint
546 2663 748 2763 preoptatam
776 2673 883 2741 locum
906 2699 913 2742 ι
936 2693 1009 2762 pars
1034 2675 1122 2743 enim
1145 2696 1203 2763 per
1224 2692 1319 2764 agros
1346 2695 1493 2764 quosque
1516 2674 1583 2743 dis-

456 2807 549 2878 persa
571 2790 723 2858 flosculos
745 2789 864 2877 carpit3
891 2808 976 2877 pars,
1002 2790 1155 2859 confertis
1177 2789 1382 2876 victualibus,
1402 2800 1523 2859 remeat
1544 2789 1584 2858 ad

456 2917 577 2990 castra,
599 2903 661 2972 alia
683 2903 793 2992 gluten
819 2904 1058 2972 tenacissimum
1078 2904 1253 2993 prudenter
1271 2905 1501 2991 amministrat,
1523 2905 1585 2972 alia

387 3015 430 3085 15
458 3017 601 3086 modicas
614 3017 744 3084 instruit
758 3017 889 3086 cellulas
903 3018 1077 3086 admodum
1091 3020 1232 3107 quietas,
1250 3020 1397 3108 quaedam
1411 3020 1475 3087 mel
1490 3019 1585 3107 stipat

360 3170 368 3182 ·
456 3130 727 3220 liquidissimum,
748 3142 853 3199 cetera
876 3131 972 3201 vertit
995 3134 1027 3199 in
1054 3151 1169 3200 caeram
1193 3134 1303 3220 flores,
1330 3133 1391 3201 alia
1415 3136 1475 3202 'ore
1494 3133 1585 3220 fingit

456 3256 568 3332 natos,
584 3252 643 3330 [B‚
671 3258 745 3315 rot.
768 3263 824 3316 aa
844 3254 893 3329 νο]
911 3247 974 3314 alia
988 3248 1159 3316 collectum
1175 3268 1193 3316 c
1207 3249 1293 3316 loliis
1307 3258 1417 3317 nectar
1430 3248 1583 3334 includit;

456 3358 604 3447 quaedam
626 3358 725 3446 regit3
748 3357 895 3447 quaedam
919 3367 1078 3446 sceptrum
1103 3359 1262 3445 custodit,
1287 3359 1433 3448 quaedam
1454 3369 1583 3449 regnat3

456 3476 602 3563 quaedam
621 3485 784 3561 movetur,
805 3474 953 3562 quaedam
974 3475 1080 3560 sedet3
1102 3469 1247 3564 quaedam
1267 3476 1306 3543 ad
1325 3476 1458 3562 bellum,
1481 3477 1508 3543 si
1528 3495 1585 3542 ne·

383 3579 430 3649 20
456 3609 546 3659 cesse
578 3589 691 3676 luerit,
726 3608 853 3677 semper
885 3588 1014 3657 babilis.
1049 3590 1118 3656 Rex
1150 3598 1258 3656 autem
1290 3589 1323 3654 in
1357 3589 1463 3656 medio
1496 3597 1585 3657 tutus

456 3703 599 3773 sedendo
620 3711 735 3770 cuncta
760 3701 917 3789 disponit,
939 3703 1030 3769 nullo
1053 3701 1234 3770 turbandus
1259 3701 1389 3790 negotio
1412 3700 1477 3770 nisi
1496 3703 1584 3790 prius

454 3830 544 3888 totus
563 3839 640 3907 grex
659 3816 863 3905 perturbatus
885 3817 992 3884 luerit.
1014 3817 1167 3885 Protinus
1191 3817 1278 3884 enim
1307 3816 1357 3884 vel
1381 3815 1422 3884 ad
1448 3823 1584 3882 mortem

455 3931 490 3998 in
523 3948 653 3998 causam
683 3929 769 4016 rogis
802 3927 1018 3998 ulciscendam
1054 3949 1126 3998 sese
1158 3930 1351 4016 immittunt,
1385 3948 1483 3998 omne
1512 3929 1584 3996 vite

455 4064 523 4112 suae
548 4042 755 4111 commodum
782 4041 817 4109 in
841 4063 916 4132 rege
942 4042 1163 4112 conservando
1187 4041 1327 4126 ducunt,
1355 4042 1410 4109 illo
1437 4040 1581 4128 dempto,

382 4154 428 4225 25
455 4179 571 4229 omnes
597 4156 696 4227 adimi
721 4167 754 4226 et
772 4158 912 4249 dispergi
936 4171 1032 4248 atque
1057 4158 1141 4226 finiri
1167 4156 1337 4246 deputant,
1363 4159 1419 4227 illo
1442 4167 1580 4243 servato,

455 4295 570 4345 omnes
587 4274 782 4343 conservari.
798 4275 885 4343 Nulli
905 4286 1013 4343 tamen
1033 4276 1119 4343 sores
1134 4275 1243 4361 palatii
1262 4274 1456 4363 pretergredi
1476 4291 1581 4340 aves-

454 4409 531 4480 pere
559 4388 593 4457 in
621 4407 716 4459 manc
744 4389 864 4476 licebit,
895 4386 1036 4479 exceptis
1063 4387 1136 4458 atrii
1163 4386 1365 4476 custodibus,
1388 4386 1452 4456 nisi
1474 4386 1581 4476 grauis
