3459 5667
891 944 1066 1020 CAPUT
1098 944 1154 1018 IV

455 1188 502 1257 De
520 1186 657 1273 ejusdem
674 1187 802 1252 visionis
819 1185 905 1268 apud
922 1185 1044 1250 beatam
1062 1185 1213 1269 terninano
1234 1186 1397 1271 relatione,
1417 1194 1446 1253 et
1464 1186 1588 1253 turbine
1714 1181 1715 1262 ζ

672 1305 706 1368 in
724 1304 790 1387 oio,
811 1311 839 1369 et
858 1302 1069 1369 consolatione
1086 1302 1255 1385 upnernlo
1273 1302 1372 1384 [nota.

455 1556 459 1563 ·
499 1540 565 1613 Nec
596 1559 699 1628 mora,
733 1539 869 1609 terribili
901 1558 1017 1631 pauore
1043 1558 1227 1609 eoueussus
1258 1537 1392 1610 domum
1423 1557 1585 1627 remeans,

454 1665 572 1726 cuneta
597 1676 670 1744 quse
697 1653 731 1722 iu
755 1654 885 1742 pascuis
913 1654 960 1721 illi
988 1652 1171 1722 occiderant
1200 1652 1291 1721 uxori
1320 1673 1388 1722 suae
1416 1653 1584 1723 referebat.

455 1768 539 1854 Quid
558 1780 613 1845 aut
632 1767 794 1857 quomodo
812 1766 959 1837 retulerit
978 1767 1154 1849 nescimus,
1175 1766 1263 1855 quod
1285 1776 1395 1835 eutem
1415 1778 1588 1856 sequenter

455 1883 565 1952 lecerit
590 1891 676 1951 certe
699 1902 765 1950 uon
791 1880 991 1971 ignoramus.
1012 1880 1092 1949 Nam
1115 1879 1218 1970 primo
1242 1891 1313 1970 post
1337 1880 1511 1970 septimum
1536 1880 1588 1950 die

404 1988 599 2081 beroluto,
627 2014 794 2066 unacum
823 1996 995 2082 infantulo,
1022 2015 1106 2065 novo
1134 1995 1254 2065 Christi
1279 1995 1394 2082 milite,
1426 1994 1588 2085 quendam

455 2110 637 2201 angelicum
655 2110 734 2178 adlit
753 2110 942 2199 magistrum
961 2109 1094 2179 nomine
1112 2109 1293 2194 Rudoeum‚
1314 2110 1508 2199 cognomine
1525 2110 1587 2178 Ar-

454 2224 569 2311 duum,
604 2231 701 2307 [nol.
731 2229 796 2304 ιο]
832 2222 968 2291 seientia
1004 2221 1177 2311 preditum,
1208 2222 1334 2313 justitia
1372 2223 1588 2312 aequitateque

455 2340 643 2429 aegregium,
665 2357 761 2427 quem
784 2337 874 2407 velut
898 2336 1059 2426 quoddam
1083 2336 1157 2406 fidei
1177 2336 1424 2406 tundamentum
1442 2338 1589 2425 colump-

455 2472 596 2543 uumque
623 2451 776 2521 aecelesiae
803 2450 1022 2519 firmissimum
1050 2451 1158 2519 cuncti
1188 2451 1306 2539 puriter
1333 2460 1411 2520 tune
1435 2451 1588 2541 temporis

385 2564 428 2634 to
455 2565 639 2636 eredebant.
661 2566 745 2633 Dum
774 2573 883 2633 autem
906 2563 967 2632 iter
989 2574 1120 2653 agerent
1143 2562 1184 2631 ud
1208 2563 1348 2631 insulam
1375 2583 1448 2652 quae
1466 2564 1590 2632 Lauren

455 2680 645 2769 appellatur,
661 2677 716 2746 ubi
736 2677 790 2746 lux
810 2675 884 2745 lidei
903 2676 1043 2766 predicta
1062 2676 1215 2766 fulgebat,
1233 2685 1320 2745 totus
1339 2676 1478 2766 ealigine
1497 2676 1590 2766 polus

455 2792 647 2863 obvolvitur.
673 2792 770 2860 Terra
796 2792 918 2878 tremit,
943 2790 1027 2860 ictus
1050 2790 1176 2880 fulgore
1201 2792 1301 2860 aetber
1323 2800 1484 2877 coruscet,
1508 2790 1589 2859 freta
1682 2832 1685 2837 -

349 2992 358 3003 ⁰
455 2909 591 2994 ferrent,
612 2918 643 2975 et
669 2916 773 2974 totum
802 2906 932 2974 turbiue
960 2905 1094 2995 ignique
1115 2925 1189 2974 eum
1216 2906 1290 2974 nire
1314 2903 1464 2994 grandini
1489 2904 1589 2972 mixta

455 3022 603 3091 turbatur
621 3020 766 3108 pelagus,
787 3028 819 3087 et
838 3029 939 3087 nomm
958 3039 1022 3088 uox
1041 3037 1125 3088 eaeea
1143 3019 1286 3088 tenuisse
1305 3028 1423 3087 terram
1443 3027 1585 3107 putatur.

384 3133 427 3202 ts
499 3136 593 3203 Pater
611 3143 719 3202 nutem
739 3141 829 3200 tanta
843 3151 880 3199 se
898 3130 1010 3200 ridens
1028 3130 1220 3200 circumdari
1240 3132 1404 3221 procella:
1427 3158 1440 3193 r
1462 3133 1586 3219 Timeo,

455 3249 575 3338 iuquit,
605 3247 720 3315 dilecte
750 3245 830 3332 Deo,
860 3265 901 3313 ue
932 3246 993 3324 iter
1026 3257 1174 3314 nostrum
1208 3246 1304 3314 bodie
1334 3245 1538 3335 impediatur.
1572 3274 1584 3307 r

455 3365 566 3434 luleus
585 3381 673 3447 uero,
694 3361 768 3430 laeto
788 3360 896 3429 animo
914 3360 1077 3447 exultans,
1098 3360 1248 3450 inquiens
1263 3361 1333 3430 nit:
1353 3388 1368 3422 «
1386 3362 1480 3431 Pater
1497 3381 1588 3432 vere·

456 3476 521 3546 risi
540 3476 611 3564 lpse
631 3485 848 3543 creaturarum
864 3484 987 3562 auctor,
1001 3474 1055 3563 qui
1077 3483 1193 3542 cuneta
1205 3495 1279 3544 eum
1294 3495 1359 3543 uon
1374 3484 1485 3543 essent
1500 3476 1587 3562 lecit,

455 3590 511 3679 qui
526 3590 639 3658 eaelum
654 3588 820 3677 syderibus
836 3595 934 3671 [rol.
953 3606 1007 3660 ιο
1023 3596 1069 3673 m]
1084 3590 1210 3673 ditarit,
1225 3601 1342 3658 terram
1356 3590 1435 3659 dore
1449 3591 1586 3677 ornavit,

384 3701 429 3770 20
455 3704 536 3772 mari
555 3704 731 3773 terminum
750 3704 917 3793 imposuit,
937 3704 1021 3773 ueris
1038 3724 1169 3793 quoque
1192 3704 1343 3794 injurium
1367 3704 1492 3793 sedare,
1514 3724 1587 3775 euru

457 3818 545 3906 velit,
566 3829 598 3887 et
617 3819 707 3907 ponti
727 3828 833 3907 potest
852 3819 999 3909 mitigare
1021 3820 1158 3906 duetus3
1179 3838 1254 3887 unm
1279 3820 1379 3889 nichil
1398 3821 1588 3890 timentibus

456 3954 530 4004 eum
545 3933 659 4003 deerit.
679 3935 786 4003 Unum
801 3955 877 4025 ergo
891 3935 1123 4020 necessarium,
1137 3945 1173 4004 ut
1186 3944 1287 4004 totum
1302 3934 1335 4003 in
1350 3935 1408 4005 illo
1422 3955 1514 4025 spem
1529 3937 1587 4004 ba·

456 4047 591 4116 beamus
609 4057 642 4116 et
661 4046 695 4115 iu
715 4048 785 4138 ejus
805 4068 932 4137 semper
950 4048 1124 4118 dilectione
1143 4067 1346 4133 maneamus,
1366 4046 1443 4137 quin
1466 4058 1499 4117 et
1522 4047 1590 4136 ipse

456 4160 547 4251 prius
575 4160 688 4230 dilexit
709 4182 780 4231 nos.
807 4162 841 4231 Si
865 4161 943 4251 quid
967 4162 1054 4231 enim
1079 4162 1112 4230 iu
1137 4162 1270 4231 nomine
1292 4163 1363 4252 ejus
1388 4160 1587 4251 petierimus,

384 4281 431 4351 25
458 4274 534 4366 quin
561 4296 659 4366 prope
686 4287 736 4345 est
760 4277 914 4347 omuibus
942 4276 1168 4346 invocantibus
1196 4297 1269 4346 eum
1297 4276 1504 4364 inveritate,
1536 4276 1589 4347 ille

457 4389 627 4479 prestabit,
646 4376 770 4478 pe'teuti
790 4389 890 4459 dubit.
907 4388 1059 4460 Credenti
1078 4391 1165 4461 euim
1180 4391 1290 4462 omnia
1309 4390 1585 4479 possibiliusuu13
