3459 5667
667 586 840 658 ..37-

231 722 296 797 Sed
314 733 405 816 pater
427 725 497 818 ejus
520 727 683 798 llraeanus
705 730 767 799 lroc
795 748 924 820 quoque
950 727 1087 800 audieus
1110 725 1314 817 miraculum,

184 862 319 915 currens
337 843 378 913 ad
396 843 488 913 illum
508 844 583 915 talia
601 853 833 916 commemorat
851 845 963 916 diceus
984 873 992 914 ι
1040 867 1046 906 i

232 1128 248 1163 a
268 1101 363 1191 Nate,
382 1120 463 1173 meae
482 1101 579 1191 vires,
601 1121 671 1172 mea
690 1121 807 1195 magua
824 1102 968 1192 potentia
986 1102 1091 1190 solus,

183 1367 217 1427 te
235 1357 387 1447 deprecor
406 1367 441 1425 ut
459 1378 572 1427 exores
594 1358 768 1427 Dominum
792 1360 896 1427 Deum
920 1368 1011 1426 tuum
1038 1367 1075 1427 ut
1098 1358 1162 1428 tale
1181 1360 1314 1447 pestile-

182 1494 256 1541 rum
284 1493 388 1563 genus
414 1493 575 1563 nusquam
603 1474 636 1541 in
668 1475 730 1542 ista
760 1496 832 1564 quae
865 1476 992 1543 Breoua
1019 1474 1137 1542 dicitur
1163 1484 1314 1562 appareat
1362 1468 1385 1537 5

182 1586 326 1675 regione.
352 1608 365 1647 s
394 1586 448 1653 Sic
474 1585 626 1674 denique,
646 1586 710 1655 isto
730 1588 832 1655 Deum
851 1587 1034 1674 invocante,
1062 1588 1182 1654 lactum
1206 1595 1314 1654 estut

181 1700 309 1769 nullum
329 1699 462 1768 omuino
480 1699 632 1788 deinceps
650 1701 849 1788 serpentium
868 1722 971 1790 genus
988 1700 1176 1790 apparuisse
1195 1697 1313 1767 dicitur

181 1817 289 1885 imilla
313 1818 455 1906 regione.
478 1818 519 1885 Et
542 1818 570 1886 si
592 1818 633 1885 ab
660 1819 767 1907 aliquo
796 1819 969 1908 aliquando
996 1838 1099 1908 usquc
1126 1817 1222 1887 hodie
1249 1818 1313 1885 hoe

180 1929 323 1997 delatum
342 1929 451 2015 luerit,
471 1929 520 1997 vel
539 1930 695 2017 probandi
715 1932 824 2019 modo,
845 1932 910 2002 cito
929 1932 1041 2000 stridet
1059 1933 1151 2022 quasi
1172 1931 1311 2000 tridente

179 2044 364 2128 confossus,
384 2053 417 2111 et
435 2042 544 2110 statim
567 2050 663 2125 [nol.
682 2052 751 2127 aa]
772 2045 925 2134 expandit
942 2066 978 2114 sc
996 2046 1200 2132 moriturum,
1220 2064 1310 2133 pres·
1338 2046 1384 2113 lb

179 2164 268 2223 tauto
286 2155 423 2224 Domino
443 2165 554 2224 nostro
572 2156 672 2225 lhesu
697 2157 839 2243 Christo,
864 2159 917 2227 cui
940 2168 989 2228 est
1012 2159 1184 2249 imperium
1205 2158 1310 2227 honor

179 2280 213 2339 et
230 2271 332 2338 virtus
350 2270 384 2337 iu
403 2271 511 2339 secula
530 2272 723 2341 seculorum.
745 2274 862 2341 Amen.

595 2626 768 2703 CAPUT
800 2627 895 2702 XVI

174 2880 223 2949 Dc
248 2882 384 2966 quodem
412 2885 519 2949 ovium
546 2885 667 2949 custode
697 2886 802 2949 obrutis
832 2885 1095 2949 comestionibus
1124 2887 1303 2971 conterrito,

336 3000 388 3064 scd
407 3001 445 3065 ob
464 3002 569 3067 codem
587 3008 696 3066 soocto
710 3020 770 3083 per
786 3003 1008 3067 revelationem
1026 3009 1142 3085 erepto.

220 3245 275 3313 Set
293 3253 325 3313 et
342 3244 411 3314 haec
428 3245 570 3335 ejusdem
585 3245 689 3314 uirtus
703 3246 838 3334 aegregie
852 3266 918 3313 uon
932 3255 981 3314 est
999 3244 1213 3335 pretereunda
1226 3262 1302 3312 uar-

173 3361 248 3428 rari.
264 3362 359 3447 Nam,
374 3382 447 3428 cum
463 3362 592 3451 quidam
607 3362 717 3429 ouium
732 3371 851 3449 pastor,
868 3361 924 3449 qui
937 3361 1155 3450 appellabatur
1172 3360 1301 3429 Uuoed-

172 3497 303 3564 mouus,
324 3476 485 3545 subduco
505 3477 810 3560 squuouetlretho
834 3497 963 3565 gregem
987 3477 1048 3545 sibi
1068 3476 1248 3565 depositum
1268 3477 1301 3543 iu
1329 3482 1374 3552 15
1427 3518 1431 3524 ·

171 3594 300 3682 pascuis
325 3594 417 3681 juxta
445 3592 558 3661 silvam
588 3593 760 3661 uberrimis
783 3593 945 3680 pascebat,
971 3593 1078 3661 subito
1100 3611 1173 3660 aere
1200 3592 1301 3660 densa

170 3709 308 3797 caligine
331 3710 423 3797 quasi
447 3709 481 3776 in
506 3730 571 3778 uuo
590 3710 707 3777 vellere
731 3709 934 3796 conturbato,
959 3708 1077 3776 ictibus
1096 3708 1208 3777 crebro
1235 3708 1299 3775 lul-

170 3822 288 3891 miueis
310 3844 443 3892 corusco
468 3844 525 3912 per
547 3824 660 3891 caelum
685 3824 891 3909 micantibus,
912 3833 1021 3908 rento,
1042 3824 1108 3911 igni
1126 3822 1299 3911 pluviaque

169 3938 390 4007 turbidissima
418 3940 587 4027 permixto,
617 3939 834 4007 obtenebratis
866 3938 1010 4027 undique
1042 3958 1100 4027 per
1127 3939 1297 4007 circuitum

170 4052 334 4141 omnibus,
356 4062 479 4121 tautam
498 4075 564 4122 nou
584 4055 724 4143 perferre
738 4053 849 4122 valens
864 4053 946 4121 aeris
966 4052 1218 4138 inclementiam,
1235 4072 1298 4120 cae-
1325 4052 1371 4120 ab

169 4174 260 4234 catus
283 4166 324 4233 ad
347 4178 465 4235 terram
488 4170 702 4255 prosternitur
724 4167 871 4256 pavidus.
899 4167 962 4235 Sed
983 4173 1080 4248 [nol.
1103 4182 1170 4234 aa·
1186 4171 1237 4247 vo]
1265 4174 1298 4233 et

169 4297 260 4365 oves,
291 4290 417 4367 pastore
446 4301 630 4369 suppresso,
660 4282 827 4370 fugeruut,
852 4289 961 4349 custos
987 4289 1094 4349 autem
1123 4277 1294 4366 pecudum,

166 4392 234 4483 jam
255 4405 362 4485 nocte,
382 4397 491 4466 clauso
515 4397 578 4465 diei
601 4397 736 4483 lumine,
757 4396 867 4465 omnia
891 4405 1030 4485 tegente,
1049 4393 1180 4484 quaudo
1202 4392 1237 4464 iu
1259 4412 1295 4460 se
