3459 5667
921 640 961 655 ..
986 602 1051 671 150
1072 640 1117 653 ...

446 743 589 829 :Crdsue²
613 740 738 827 Suiian,
762 740 844 829 Lisi„
866 742 919 811 An
941 740 1066 829 Laedti,
1099 739 1206 811 Ludre
1234 740 1339 827 Sittio,
1367 739 1448 811 Caer
1473 740 1575 825 Dede,

458 862 519 929 Bet
537 860 677 946 Tahaue,
702 858 780 929 Tres
794 856 899 943 Canii,
920 859 975 927 VII
993 858 1100 938 villas,
1120 869 1153 928 et
1170 878 1273 927 unum
1290 856 1465 946 scripulum
1483 866 1578 928 terrae

458 974 492 1041 in
515 974 664 1042 Moeiian.
685 974 761 1044 Haee
788 974 899 1042 omnia
924 973 966 1043 do
993 981 1105 1043 sancto
1133 973 1356 1062 Uuingueleeo
1382 993 1443 1062 pro
1468 970 1579 1043 anima

459 1088 529 1180 ejus
545 1088 695 1176 Riueien,
715 1088 749 1155 in
769 1086 1000 1159 dieumbitione
1018 1099 1150 1159 aeterna.
1171 1088 1288 1156 Amen.

991 1374 1050 1441 XV

642 1608 690 1678 De
712 1629 806 1679 minu
832 1608 998 1678 Henemie
1016 1629 1057 1677 de
1080 1608 1390 1677 Lidndeeflvuiudn.

265 1838 266 1841 ¹
378 1856 412 1924 x5
503 1847 626 1917 Eodem
654 1868 782 1937 quoque
807 1858 951 1937 tempore
974 1859 1043 1917 erat
1066 1849 1195 1939 quidam
1219 1849 1268 1917 vir
1291 1858 1421 1918 sanetus
1437 1848 1496 1917 Dei
1517 1868 1579 1917 ne·

452 1964 547 2031 mine
565 1961 750 2049 Berduuait,
771 1962 826 2051 qui
852 1972 884 2031 et
906 1962 1048 2051 seipsum
1065 1962 1302 2033 eommendavit
1323 1972 1356 2031 et
1377 1964 1486 2031 omnia
1503 1982 1578 2048 sua,

460 2080 494 2147 id
512 2088 572 2165 est,
592 2080 660 2147 Lan
673 2078 802 2167 Herprit
820 2088 852 2147 et
869 2078 977 2147 Iocum
997 2079 1052 2169 qui
1071 2089 1205 2149 vocatur
1222 2081 1288 2148 Lan
1307 2080 1486 2166 Bertuualt‚
1502 2100 1581 2149 eum

461 2194 612 2264 omuibus
630 2193 658 2261 ei
678 2192 865 2281 apendiciiS‚
888 2203 1000 2261 saneto
1018 2192 1250 2282 Uuinguatoaeo
1272 2194 1307 2261 in
1334 2192 1577 2263 dieumbitione.

463 2308 766 2396 [rol.1ee]Ego
795 2306 987 2393 Gredienus,
1016 2316 1099 2377 nutu
1127 2307 1185 2375 Dei
1212 2327 1282 2395 rex,
1310 2308 1371 2375 hoe
1397 2306 1520 2376 affirmo
1543 2306 1581 2375 in

392 2424 436 2495 td
462 2420 702 2491 dieumbitione.

984 2605 1054 2673 XVI

876 2842 924 2909 De
948 2842 1015 2911 Leti
1037 2840 1162 2909 Redi.

506 3081 563 3149 Hae
582 3080 682 3149 literae
700 3089 829 3149 narrant
847 3080 935 3169 quod
953 3100 1012 3167 ego
1030 3078 1210 3148 Gradienus
1231 3077 1273 3146 do
1299 3076 1340 3145 de
1363 3095 1434 3145 mea
1454 3074 1582 3165 propria

462 3196 638 3265 hereditate
663 3195 837 3284 scripulum
864 3206 956 3263 terrae
984 3194 1052 3262 viro
1079 3194 1137 3263 Dei
1162 3204 1274 3263 saneto
1296 3193 1465 3277 Tenuoud,
1486 3193 1581 3259 Tneu

462 3308 565 3395 Mein,
582 3328 638 3396 pro
657 3307 876 3397 redemptione
894 3308 1010 3376 animae
1024 3329 1115 3396 meae,
1132 3310 1165 3377 in
1184 3320 1335 3378 aeternam
1350 3308 1579 3395 hereditatem

463 3437 495 3494 et
513 3426 568 3493 iile
585 3434 696 3515 postea
714 3425 948 3495 commendavit
965 3428 1107 3515 seipsum
1126 3436 1237 3496 saneto
1256 3427 1486 3516 Uuingua10ae0
1504 3447 1581 3495 eum

395 3542 439 3615 15
464 3541 613 3611 omnihus
631 3542 762 3613 sanetis,
778 3544 847 3632 Ego
866 3542 1048 3613 Gradionus
1061 3545 1122 3613 hoc
1139 3544 1262 3613 affirmo
1280 3542 1315 3611 in
1334 3542 1580 3613 dieumbitiene.

980 3832 1066 3899 XVII

507 4072 549 4143 Et
570 4071 687 4143 iterum
714 4073 782 4145 haee
805 4074 959 4145 memoria
981 4074 1097 4143 retinet
1123 4074 1362 4164 quodquidam
1388 4074 1438 4143 vir
1463 4074 1581 4173 debilis

463 4186 594 4258 nomine
612 4185 779 4257 Gudianus
797 4187 927 4257 tradidit
944 4188 1174 4277 subjectionem
1187 4198 1283 4279 atque
1301 4189 1522 4259 aelemosinam
1539 4188 1579 4257 de

463 4320 526 4379 sua
548 4304 676 4391 propria
701 4303 891 4391 hereditate,
911 4304 944 4374 id
967 4317 1027 4392 eet,
1048 4305 1110 4376 tria
1127 4305 1245 4377 vicaria
1263 4305 1431 4395 Uuoedue,
1448 4306 1576 4391 Luhan,

455 4414 587 4504 duduc,
616 4427 729 4490 saneto
756 4417 999 4506 Uuinguaioee,
1029 4419 1144 4489 XXVII
1170 4420 1297 4490 modios
1318 4420 1471 4489 frumenti
1494 4439 1576 4488 une-
