3459 5667
905 589 1083 661 ..43-

427 731 535 805 vidisti
554 730 691 801 sufficiat
708 730 785 819 tibi;
809 732 866 804 sed
891 734 1048 804 memoria
1063 716 1176 803 'nostrl
1203 742 1249 820 et,
1276 734 1364 825 quod
1386 755 1425 805 eo
1453 735 1556 805 multo

428 847 501 934 plus
520 849 625 937 majus
645 858 707 935 est,
730 848 862 936 Christi,
879 869 1046 939 uunquam
1065 850 1191 919 recedat
1209 868 1229 918 a
1246 851 1341 921 corde
1359 862 1427 921 tuo.
1448 880 1462 914 a
1480 853 1558 921 Haec

428 974 461 1033 et
488 965 551 1033 alia
578 966 670 1054 plura
693 975 862 1054 postquam
891 968 1031 1055 locutus,
1058 968 1176 1057 quippe
1202 969 1312 1037 omnia
1338 968 1459 1038 docens
1485 989 1558 1059 quae

428 1078 551 1169 agenda
569 1080 758 1170 regulariter
777 1091 900 1169 essent,
918 1082 982 1151 cito
1001 1082 1041 1151 ab
1060 1082 1206 1171 ejusdem
1223 1083 1327 1153 oculis
1344 1082 1487 1153 euanuit.

854 1414 1028 1527 carun
1060 1393 1135 1491 xx

429 1644 475 1712 De
493 1646 630 1731 ejusdem
647 1648 775 1715 visionis
794 1649 945 1715 relatione
963 1650 1049 1751 opud
1064 1651 1154 1732 pium
1169 1651 1358 1732 magistrum
1374 1654 1404 1715 et
1418 1651 1475 1733 pin
1491 1650 1559 1734 qus

889 1782 1101 1847 responsione.

379 1995 401 2066 5
474 1992 518 2061 dt
535 1991 590 2061 ille
609 1992 743 2081 impiger
762 1992 872 2061 omnia
891 1992 1046 2081 magistro
1070 2012 1110 2061 ex
1132 1992 1246 2062 ordine
1268 1991 1474 2082 cogitationis
1492 2013 1560 2062 suae

431 2128 492 2177 nec
518 2128 585 2176 non
614 2116 646 2175 et
671 2106 807 2175 visionis
835 2108 1011 2195 relaturus,
1031 2107 1181 2175 cellulam
1206 2108 1260 2175 ubi
1283 2107 1352 2195 ipse
1375 2108 1465 2176 solus
1483 2108 1562 2176 dor-

431 2222 563 2309 miebat,
595 2222 721 2310 legebat
748 2231 844 2311 atque
872 2230 970 2305 [nol.
998 2229 1065 2304 nn]
1098 2222 1325 2307 meditabatur,
1353 2241 1449 2312 ruane
1476 2224 1561 2292 lacto

431 2334 597 2403 humiliter
618 2335 756 2403 adorans
778 2335 870 2423 adiit,
898 2345 1007 2424 atque,
1028 2336 1129 2424 petita
1150 2337 1254 2424 primo
1276 2336 1501 2405 benedictione
1528 2346 1563 2405 et

432 2449 506 2517 data
525 2448 651 2517 dicendi
671 2448 812 2536 licentia,
831 2450 971 2531 [loeutus
989 2456 1063 2531 est].
1080 2451 1149 2519 Hoc
1167 2451 1252 2519 enim
1272 2471 1398 2538 semper
1417 2450 1452 2517 in
1466 2470 1561 2519 usum

339 2604 343 2613 ·
360 2564 404 2633 ln
430 2563 592 2632 habebant
605 2574 653 2650 ut,
667 2564 695 2631 si
709 2585 776 2632 non
791 2565 966 2633 necessitas
980 2565 1081 2634 nimia
1093 2575 1148 2633 aut
1162 2566 1284 2634 utilitas
1298 2567 1436 2635 multum
1452 2586 1560 2635 neces·

432 2678 516 2746 saria
538 2688 677 2766 cogeret,
697 2678 830 2745 omnino
850 2697 917 2745 non
941 2677 1161 2765 loquerentur,
1182 2680 1321 2749 maxime
1343 2689 1452 2749 autem
1472 2677 1562 2748 boris

432 2790 563 2859 silentio
580 2790 749 2877 dedicatis,
770 2790 910 2859 seientes
928 2791 1038 2877 procul
1059 2790 1158 2859 dubio
1181 2803 1318 2861 mortem
1346 2802 1379 2861 et
1401 2794 1500 2860 vitam
1528 2792 1564 2859 in

432 2904 542 2992 lingua
559 2923 629 2973 esse
648 2903 845 2991 deputatam.
866 2903 984 2971 Omnia
1003 2904 1072 2972 haec
1090 2904 1226 2973 audieus
1244 2906 1451 2992 recolentem,
1472 2913 1563 2993 post-

433 3037 530 3107 quam
548 3018 714 3105 paululum
733 3018 941 3087 conticuisset
959 3027 992 3086 et
1010 3018 1095 3107 apud
1109 3019 1319 3107 semetipsum
1338 3019 1416 3107 quid
1429 3019 1498 3087 haec
1511 3038 1583 3103 es-¹

345 3196 347 3199 .
362 3132 405 3201 lli
434 3140 508 3201 sent
520 3130 740 3216 deliberasset,
753 3151 851 3200 senex
862 3132 956 3200 hilari
971 3132 1063 3201 vultu
1077 3132 1243 3220 respoudit
1257 3133 1297 3200 ad
1312 3132 1406 3199 illum
1421 3158 1428 3200 :
1444 3160 1459 3193 a
1473 3133 1565 3199 Tune

434 3245 532 3334 igitur
551 3245 656 3313 adbuc
675 3246 760 3312 lurto
780 3265 816 3313 es
835 3245 989 3315 satiatus?
1007 3274 1020 3308 r
1035 3246 1096 3314 Ille
1113 3255 1221 3314 autem
1236 3246 1338 3315 nimio
1353 3246 1470 3315 rubore
1488 3264 1565 3314 con-

434 3359 525 3427 lusus
541 3388 549 3427 ι
570 3386 582 3420 r
599 3357 707 3443 Quali,
723 3358 840 3445 inquit,
855 3358 961 3427 furto?
977 3388 992 3420 n
1008 3361 1089 3427 Tum
1105 3379 1204 3427 senex
1221 3386 1228 3429 :
1246 3387 1261 3419 «
1277 3358 1422 3444 Visendi,
1433 3360 1489 3447 ait,
1505 3360 1565 3427 Pa·

433 3472 576 3557 tricium,
596 3481 628 3541 te
646 3471 768 3540 nemini
788 3472 878 3560 prius
897 3471 1070 3540 indicante.
1095 3500 1109 3534 s
1133 3472 1192 3541 Ille
1216 3471 1314 3541 dobin
1340 3498 1348 3539 :
1380 3499 1395 3532 e
1418 3471 1486 3539 Tali
1512 3491 1566 3539 me

434 3586 589 3655 confiteor
616 3586 704 3653 furto
733 3585 896 3656 satiatum.
929 3586 979 3652 Er
1003 3605 1069 3675 quo
1097 3586 1185 3655 enim
1213 3585 1282 3653 baec
1312 3584 1411 3653 michi
1441 3584 1568 3653 adhesit

362 3706 408 3776 ΞΟ
435 3700 599 3789 cogitatio,
623 3697 726 3766 donec
750 3704 849 3781 [nol.
873 3714 928 3768 ne
948 3704 1000 3780 vo]
1030 3698 1085 3765 ille
1106 3717 1164 3786 per
1186 3696 1293 3767 visum
1321 3698 1410 3766 hune
1435 3716 1567 3786 quoquo

435 3812 531 3881 modo
555 3811 716 3900 apparuit,
736 3818 841 3879 totum
870 3829 925 3879 cor
951 3831 1061 3879 meum
1084 3829 1193 3879 amore
1217 3811 1310 3899 quasi
1336 3810 1462 3879 ardenti
1490 3810 1568 3897 igne

435 3925 695 4011 comburebatur,
717 3934 749 3992 et
767 3923 863 3992 modo
882 3944 922 3991 ex
939 3923 1129 4011 memetipso
1154 3922 1269 3992 didisei
1295 3924 1381 4012 quod
1404 3943 1478 3992 vere
1496 3908 1568 3990 dic-

436 4050 506 4108 tum
534 4047 584 4107 est
611 4037 718 4127 ignem
747 4056 821 4129 esse
847 4036 1024 4105 caritatem.
1059 4036 1152 4105 Nunc
1179 4056 1267 4123 uero,
1296 4047 1465 4125 postquam
1495 4034 1567 4123 ejus

436 4153 562 4223 visione
588 4153 708 4242 pariter
740 4162 772 4221 et
803 4151 999 4220 allocutione
1027 4150 1146 4220 fruitus
1176 4172 1262 4239 sum,
1297 4151 1445 4240 quamvis
1476 4169 1569 4218 amor

364 4274 409 4345 25
436 4287 532 4337 verus
556 4287 623 4335 non
649 4267 759 4335 minus
790 4285 917 4354 semper
944 4275 1123 4355 permanet,
1154 4274 1263 4335 tamen
1290 4264 1432 4335 anxiatio
1459 4262 1568 4335 cordis

437 4399 555 4471 magna
573 4400 612 4451 ex
631 4390 720 4472 parte
738 4379 871 4471 quievit.
895 4407 911 4442 s
