3459 5667
918 611 1093 680 ...rq-

484 750 569 823 Puer
591 763 699 822 autem
724 752 850 837 beatus,
873 752 1023 841 quamvis
1043 750 1150 820 adhuc
1172 749 1352 819 infantulus
1372 758 1454 836 erat,
1478 746 1568 815 nulio

440 880 549 937 tamen
582 877 655 956 post
681 876 848 955 parentem
875 862 953 934 tedii
981 860 1128 954 pulsatus
1159 882 1297 948 merore,
1325 860 1410 929 sicut
1437 858 1569 947 qnidam

440 982 548 1050 solent
577 980 785 1069 parvulorum
818 998 892 1047 cum
923 978 959 1045 in
994 977 1112 1046 scolam
1144 994 1164 1044 a
1200 973 1388 1065 parentibus
1418 970 1570 1061 segretati

442 1101 540 1178 [rot.
562 1098 629 1177 18]
654 1094 829 1162 mittuntur
852 1092 1016 1161 interdum
1041 1092 1161 1172 tedere,
1181 1111 1255 1160 cnm
1279 1088 1422 1180 predicto
1446 1084 1570 1155 stabilis

392 1206 414 1273 5
441 1208 608 1298 magistro,
631 1208 718 1277 velut
737 1208 804 1298 jam
827 1209 950 1295 senior,
972 1207 1127 1277 remansit
1149 1206 1183 1274 in
1208 1202 1415 1273 monasterio.
1436 1200 1569 1270 Statim-

440 1342 504 1411 que
529 1319 590 1390 sub
612 1320 710 1390 unius
736 1320 798 1389 diei
825 1321 984 1390 curriculo
1007 1330 1141 1389 cunctas
1157 1318 1257 1386 totius
1278 1314 1407 1386 ecetarii
1431 1312 1570 1405 pleniter

440 1436 588 1504 ediscens
611 1446 717 1519 notas,
747 1455 784 1503 ac
811 1435 929 1504 dehinc
951 1445 1115 1505 crescente
1134 1451 1327 1522 magnopere
1353 1430 1479 1512 initio,
1502 1448 1568 1497 non

441 1548 547 1619 solum
566 1569 639 1617 cum
659 1567 820 1618 annornm
842 1570 955 1622 rernm
979 1550 1076 1617 etiam
1099 1549 1147 1635 (ut
1169 1548 1211 1613 ita
1235 1544 1350 1629 dicam)
1369 1542 1493 1610 dierum
1517 1541 1569 1610 vel

441 1664 592 1732 horarum
621 1679 858 1734 momentorum
887 1684 1041 1751 numero,
1066 1663 1225 1732 donorum
1252 1660 1370 1749 gratia,
1401 1659 1570 1740 universos

372 1782 416 1852 to
441 1777 566 1845 Veteris
591 1777 708 1845 divinae
742 1777 822 1867 legis
849 1778 1054 1845 Bibliothecae
1077 1794 1114 1844 ac
1141 1776 1238 1842 Novae
1263 1793 1335 1842 cum
1360 1770 1570 1839 sacramentis

443 1889 512 1958 suis
540 1890 574 1955 in
603 1889 699 1958 corde
727 1909 788 1958 suo
813 1890 993 1959 recondens
1016 1909 1196 1974 sermones,
1225 1899 1407 1956 sanctarum
1432 1886 1571 1956 eximius

443 2004 547 2073 iactus
566 2016 614 2073 est
634 2005 754 2075 sciolus
773 2006 931 2096 perscitor
949 2005 1200 2095 Scripturarnm.

880 2385 1055 2461 CAPUT
1088 2385 1142 2460 VI

744 2650 792 2715 De
810 2649 945 2714 materia
962 2649 1036 2713 dene
1055 2648 1271 2715 conversandi.

487 2899 651 2969 Materiam
677 2898 775 2989 igitur
797 2900 881 2969 bene
904 2900 1031 2969 vivendi
1057 2900 1162 2989 primo
1180 2900 1322 2986 didiscit,
1343 2911 1440 2989 atque
1463 2900 1496 2967 in
1520 2920 1572 2969 se-

443 3012 581 3101 metipso
599 3023 714 3081 cuncta
736 3014 911 3104 prudenter
930 3036 1002 3103 quae
1025 3015 1102 3103 legit
1125 3026 1327 3103 retorquens,
1352 3011 1469 3082 deinde
1492 3013 1573 3081 aiios

375 3136 418 3207 15
444 3138 615 3217 sequenter
639 3133 734 3209 [For.
757 3142 807 3195 rs
826 3133 872 3208 νο]
896 3127 1037 3204 instruit.
1059 3128 1174 3195 Formo
1194 3146 1333 3216 namque
1355 3138 1475 3195 sanctae
1493 3147 1572 3195 con-

445 3241 637 3310 versationis
661 3240 704 3306 ita
735 3250 786 3307 est
814 3240 897 3307 viam
926 3250 1061 3329 querere
1092 3241 1211 3330 regiam
1244 3261 1298 3329 per
1325 3260 1420 3330 quam
1446 3240 1511 3308 itur
1533 3239 1572 3308 ad

444 3351 548 3421 Deum
571 3380 578 3419 ι
600 3370 697 3440 quam
719 3371 782 3419 non
803 3351 899 3419 otiam
921 3374 994 3423 esse
1016 3364 1094 3443 puto
1114 3354 1176 3422 nisi
1196 3367 1339 3422 sanctam
1360 3354 1571 3441 Scripturum,

444 3466 479 3532 in
498 3484 561 3555 qua
581 3476 670 3535 totus
690 3486 724 3534 se
744 3466 841 3536 homo
859 3470 1096 3558 contemplatur
1114 3470 1218 3558 quatis
1237 3471 1278 3537 sit
1297 3470 1346 3538 vei
1364 3490 1430 3558 quo
1449 3469 1570 3537 tendat.

444 3579 480 3647 In
501 3580 611 3648 divina
630 3580 748 3648 etenim
774 3580 912 3649 lectione
939 3593 1005 3651 tota
1029 3603 1103 3671 spes
1121 3593 1153 3651 et
1176 3584 1263 3652 salus
1284 3583 1355 3652 sine
1377 3584 1476 3652 dubio
1494 3603 1574 3652 con-

374 3704 419 3773 20
446 3695 545 3782 sistit,
565 3707 597 3765 et
617 3698 724 3767 omnis
745 3700 907 3788 proiectus
926 3722 965 3769 en
984 3702 1121 3770 tectione
1139 3712 1172 3769 et
1190 3702 1398 3771 meditatione
1417 3701 1571 3791 procedit.

444 3810 540 3879 Prius
559 3829 699 3899 namque
718 3832 852 3881 necesse
866 3824 916 3881 ost
934 3814 1017 3883 scire
1032 3815 1109 3903 quid
1128 3828 1260 3903 appetas
1280 3835 1377 3905 quam
1393 3814 1575 3884 desiderare

446 3923 534 4011 quod
561 3926 696 3993 nescias.
724 3926 803 4009 Quae
831 3928 918 3996 enim
948 3929 1113 4008 nescimus
1139 3930 1275 3997 lectione
1302 3929 1476 4015 discimus,
1504 3950 1576 4018 quae

446 4048 553 4105 autem
582 4037 772 4107 didiscimus
803 4040 1015 4109 meditatione
1042 4060 1282 4110 conservamus.
1311 4042 1388 4127 Sed,
1418 4044 1502 4111 sicut
1529 4044 1576 4111 le·

446 4152 552 4241 gendo
571 4153 653 4221 scire
672 4155 945 4244 concupiscimus,
971 4158 1017 4225 sic
1040 4158 1172 4226 sciendo
1192 4171 1279 4227 recta
1297 4180 1369 4247 qnae
1388 4158 1577 4228 didiscimus

376 4268 420 4336 25
446 4264 579 4354 impiere
606 4267 772 4354 debemus,
796 4271 872 4359 quia
900 4271 955 4339 iiie
983 4292 1049 4339 non
1077 4272 1139 4341 erit
1162 4272 1307 4342 inmunis
1333 4292 1353 4342 a
1382 4274 1476 4362 culpa
1503 4272 1573 4362 qui,

447 4379 572 4450 divinas
603 4382 785 4473 Scripturas
816 4385 944 4475 legens,
978 4407 1045 4456 non
1076 4387 1172 4458 vertit
1202 4388 1236 4456 in
1270 4406 1377 4476 opera.
1409 4388 1576 4479 Siquidem
