<?xml version="1.0" encoding="UTF-8"?>
<!DOCTYPE html PUBLIC "-//W3C//DTD XHTML 1.0 Transitional//EN"
    "http://www.w3.org/TR/xhtml1/DTD/xhtml1-transitional.dtd">
<html xmlns="http://www.w3.org/1999/xhtml" xml:lang="en" lang="en">
 <head>
  <title>
</title>
<meta http-equiv="Content-Type" content="text/html;charset=utf-8" />
  <meta name='ocr-system' content='tesseract 3.04.00' />
  <meta name='ocr-capabilities' content='ocr_page ocr_carea ocr_par ocr_line ocrx_word'/>
</head>
<body>
  <div class='ocr_page' id='page_1' title='image "./cartulairedelab00quimgoog_0193.png"; bbox 0 0 3459 5667; ppageno 0'>
   <div class='ocr_carea' id='block_1_1' title="bbox 926 584 1118 652">
    <p class='ocr_par' dir='ltr' id='par_1_1' title="bbox 926 584 1118 652">
     <span class='ocr_line' id='line_1_1' title="bbox 926 584 1118 652; baseline 0.005 -1"><span class='ocrx_word' id='word_1_1' title='bbox 926 584 1118 652; x_wconf 80' lang='lat'><strong>-178-</strong></span> 
     </span>
    </p>
   </div>
   <div class='ocr_carea' id='block_1_2' title="bbox 412 724 1582 1600">
    <p class='ocr_par' dir='ltr' id='par_1_2' title="bbox 461 724 1582 1163">
     <span class='ocr_line' id='line_1_2' title="bbox 505 724 1581 819; baseline 0 -26"><span class='ocrx_word' id='word_1_2' title='bbox 505 726 589 795; x_wconf 90' lang='lat' dir='ltr'>Puer</span> <span class='ocrx_word' id='word_1_3' title='bbox 611 725 709 814; x_wconf 80' lang='lat' dir='ltr'>igitur</span> <span class='ocrx_word' id='word_1_4' title='bbox 732 726 861 815; x_wconf 88' lang='lat' dir='ltr'>quidam</span> <span class='ocrx_word' id='word_1_5' title='bbox 887 725 964 795; x_wconf 93' lang='lat' dir='ltr'>dum</span> <span class='ocrx_word' id='word_1_6' title='bbox 990 728 1093 797; x_wconf 89' lang='lat' dir='ltr'>estivo</span> <span class='ocrx_word' id='word_1_7' title='bbox 1116 738 1262 819; x_wconf 90' lang='lat' dir='ltr'>tempore</span> <span class='ocrx_word' id='word_1_8' title='bbox 1284 725 1456 815; x_wconf 87' lang='lat' dir='ltr'>patrissui</span> <span class='ocrx_word' id='word_1_9' title='bbox 1481 724 1581 814; x_wconf 80' lang='lat' dir='ltr'>gregis</span> 
     </span>
     <span class='ocr_line' id='line_1_3' title="bbox 462 839 1581 931; baseline 0 -23"><span class='ocrx_word' id='word_1_10' title='bbox 462 859 572 909; x_wconf 90' lang='lat' dir='ltr'>curam</span> <span class='ocrx_word' id='word_1_11' title='bbox 599 851 706 929; x_wconf 81' lang='lat' dir='ltr'>ageret</span> <span class='ocrx_word' id='word_1_12' title='bbox 727 850 821 930; x_wconf 90' lang='lat' dir='ltr'>atque</span> <span class='ocrx_word' id='word_1_13' title='bbox 847 861 903 929; x_wconf 93' lang='lat' dir='ltr'>per</span> <span class='ocrx_word' id='word_1_14' title='bbox 928 860 1048 931; x_wconf 90' lang='lat' dir='ltr'>pascua</span> <span class='ocrx_word' id='word_1_15' title='bbox 1072 862 1161 910; x_wconf 90' lang='lat' dir='ltr'>more</span> <span class='ocrx_word' id='word_1_16' title='bbox 1189 841 1286 911; x_wconf 90' lang='lat' dir='ltr'>solito</span> <span class='ocrx_word' id='word_1_17' title='bbox 1310 852 1489 930; x_wconf 80' lang='lat' dir='ltr'><strong>vagaretur,</strong></span> <span class='ocrx_word' id='word_1_18' title='bbox 1516 839 1581 908; x_wconf 82' lang='lat' dir='ltr'>lleo</span> 
     </span>
     <span class='ocr_line' id='line_1_4' title="bbox 461 953 1579 1044; baseline 0.001 -23"><span class='ocrx_word' id='word_1_19' title='bbox 461 953 588 1023; x_wconf 86' lang='lat' dir='ltr'>volente</span> <span class='ocrx_word' id='word_1_20' title='bbox 620 953 671 1024; x_wconf 89' lang='lat' dir='ltr'>cui</span> <span class='ocrx_word' id='word_1_21' title='bbox 704 953 801 1021; x_wconf 86' lang='lat' dir='ltr'>nichil</span> <span class='ocrx_word' id='word_1_22' title='bbox 835 953 1045 1043; x_wconf 90' lang='lat' dir='ltr'>impossibile,</span> <span class='ocrx_word' id='word_1_23' title='bbox 1078 966 1194 1025; x_wconf 89' lang='lat' dir='ltr'>ventus</span> <span class='ocrx_word' id='word_1_24' title='bbox 1225 955 1289 1024; x_wconf 91' lang='lat' dir='ltr'>alte</span> <span class='ocrx_word' id='word_1_25' title='bbox 1319 954 1427 1024; x_wconf 90' lang='lat' dir='ltr'>subito</span> <span class='ocrx_word' id='word_1_26' title='bbox 1458 954 1579 1044; x_wconf 87' lang='lat' dir='ltr'>perflat,</span> 
     </span>
     <span class='ocr_line' id='line_1_5' title="bbox 461 1067 1582 1163; baseline 0.003 -29"><span class='ocrx_word' id='word_1_27' title='bbox 461 1067 563 1136; x_wconf 89' lang='lat' dir='ltr'>nubes</span> <span class='ocrx_word' id='word_1_28' title='bbox 592 1067 814 1163; x_wconf 65' lang='lat' dir='ltr'><strong>obtenebrant,</strong></span> <span class='ocrx_word' id='word_1_29' title='bbox 843 1069 982 1159; x_wconf 91' lang='lat' dir='ltr'>procella</span> <span class='ocrx_word' id='word_1_30' title='bbox 1007 1070 1192 1157; x_wconf 87' lang='lat' dir='ltr'>succrescit,</span> <span class='ocrx_word' id='word_1_31' title='bbox 1216 1071 1299 1139; x_wconf 84' lang='lat' dir='ltr'>liunt</span> <span class='ocrx_word' id='word_1_32' title='bbox 1322 1069 1475 1138; x_wconf 90' lang='lat' dir='ltr'>tonitrua.</span> <span class='ocrx_word' id='word_1_33' title='bbox 1500 1069 1582 1139; x_wconf 90' lang='lat' dir='ltr'>Puer</span> 
     </span>
    </p>

    <p class='ocr_par' dir='ltr' id='par_1_3' title="bbox 412 1177 1581 1600">
     <span class='ocr_line' id='line_1_6' title="bbox 412 1177 1580 1275; baseline 0.003 -28"><span class='ocrx_word' id='word_1_34' title='bbox 412 1177 434 1247; x_wconf 78' lang='lat'>5</span> <span class='ocrx_word' id='word_1_35' title='bbox 461 1181 536 1251; x_wconf 92' lang='lat' dir='ltr'>inde</span> <span class='ocrx_word' id='word_1_36' title='bbox 565 1184 741 1272; x_wconf 79' lang='lat' dir='ltr'>perhorret,</span> <span class='ocrx_word' id='word_1_37' title='bbox 770 1183 875 1274; x_wconf 91' lang='lat' dir='ltr'>querit</span> <span class='ocrx_word' id='word_1_38' title='bbox 901 1183 1026 1273; x_wconf 82' lang='lat' dir='ltr'>lugam3</span> <span class='ocrx_word' id='word_1_39' title='bbox 1051 1185 1157 1275; x_wconf 81' lang='lat' dir='ltr'>gravis</span> <span class='ocrx_word' id='word_1_40' title='bbox 1179 1184 1290 1275; x_wconf 80' lang='lat' dir='ltr'>ymber</span> <span class='ocrx_word' id='word_1_41' title='bbox 1313 1184 1411 1253; x_wconf 88' lang='lat' dir='ltr'>instat</span> <span class='ocrx_word' id='word_1_42' title='bbox 1435 1182 1580 1273; x_wconf 77' lang='lat' dir='ltr'><strong>fugienti,</strong></span> 
     </span>
     <span class='ocr_line' id='line_1_7' title="bbox 459 1295 1581 1388; baseline -0.003 -23"><span class='ocrx_word' id='word_1_43' title='bbox 459 1296 636 1387; x_wconf 84' lang='lat' dir='ltr'>presidium</span> <span class='ocrx_word' id='word_1_44' title='bbox 660 1297 824 1388; x_wconf 88' lang='lat' dir='ltr'>cujusdam</span> <span class='ocrx_word' id='word_1_45' title='bbox 848 1298 972 1368; x_wconf 90' lang='lat' dir='ltr'>arboris</span> <span class='ocrx_word' id='word_1_46' title='bbox 996 1298 1158 1367; x_wconf 89' lang='lat' dir='ltr'>interdum</span> <span class='ocrx_word' id='word_1_47' title='bbox 1182 1297 1354 1366; x_wconf 81' lang='lat' dir='ltr'>subintrat.</span> <span class='ocrx_word' id='word_1_48' title='bbox 1376 1298 1424 1365; x_wconf 87' lang='lat' dir='ltr'>Eo</span> <span class='ocrx_word' id='word_1_49' title='bbox 1445 1316 1523 1365; x_wconf 92' lang='lat' dir='ltr'>vero</span> <span class='ocrx_word' id='word_1_50' title='bbox 1540 1295 1581 1364; x_wconf 92' lang='lat' dir='ltr'>ibi</span> 
     </span>
     <span class='ocr_line' id='line_1_8' title="bbox 461 1413 1581 1506; baseline -0.001 -22"><span class='ocrx_word' id='word_1_51' title='bbox 461 1427 623 1498; x_wconf 82' lang='lat' dir='ltr'>manente,</span> <span class='ocrx_word' id='word_1_52' title='bbox 645 1416 753 1505; x_wconf 80' lang='lat' dir='ltr'>lulgnr</span> <span class='ocrx_word' id='word_1_53' title='bbox 772 1417 940 1503; x_wconf 85' lang='lat' dir='ltr'>emittitur,</span> <span class='ocrx_word' id='word_1_54' title='bbox 963 1417 1080 1487; x_wconf 90' lang='lat' dir='ltr'>molem</span> <span class='ocrx_word' id='word_1_55' title='bbox 1100 1416 1223 1487; x_wconf 84' lang='lat' dir='ltr'>arboris</span> <span class='ocrx_word' id='word_1_56' title='bbox 1241 1416 1371 1506; x_wconf 79' lang='lat' dir='ltr'>frangit,</span> <span class='ocrx_word' id='word_1_57' title='bbox 1390 1436 1526 1506; x_wconf 91' lang='lat' dir='ltr'>puerum</span> <span class='ocrx_word' id='word_1_58' title='bbox 1543 1413 1581 1483; x_wconf 91' lang='lat' dir='ltr'>ad</span> 
     </span>
     <span class='ocr_line' id='line_1_9' title="bbox 461 1529 986 1600; baseline 0 -1"><span class='ocrx_word' id='word_1_59' title='bbox 461 1542 577 1599; x_wconf 90' lang='lat' dir='ltr'>terram</span> <span class='ocrx_word' id='word_1_60' title='bbox 597 1529 821 1600; x_wconf 79' lang='lat' dir='ltr'>miserabiliter</span> <span class='ocrx_word' id='word_1_61' title='bbox 840 1530 986 1600; x_wconf 90' lang='lat' dir='ltr'>retrudit.</span> 
     </span>
    </p>
   </div>
   <div class='ocr_carea' id='block_1_3' title="bbox 386 1652 1583 3823">
    <p class='ocr_par' dir='ltr' id='par_1_4' title="bbox 391 1652 1582 1980">
     <span class='ocr_line' id='line_1_10' title="bbox 505 1652 1580 1744; baseline -0.001 -20"><span class='ocrx_word' id='word_1_62' title='bbox 505 1659 601 1735; x_wconf 64' lang='lat' dir='ltr'>[aot.</span> <span class='ocrx_word' id='word_1_63' title='bbox 624 1658 662 1735; x_wconf 71' lang='lat' dir='ltr'>e]</span> <span class='ocrx_word' id='word_1_64' title='bbox 691 1654 844 1722; x_wconf 90' lang='lat' dir='ltr'>Parentes</span> <span class='ocrx_word' id='word_1_65' title='bbox 872 1665 979 1723; x_wconf 90' lang='lat' dir='ltr'>autern</span> <span class='ocrx_word' id='word_1_66' title='bbox 1008 1673 1107 1744; x_wconf 91' lang='lat' dir='ltr'>quam</span> <span class='ocrx_word' id='word_1_67' title='bbox 1134 1655 1197 1723; x_wconf 89' lang='lat' dir='ltr'>cito</span> <span class='ocrx_word' id='word_1_68' title='bbox 1224 1652 1460 1744; x_wconf 86' lang='lat' dir='ltr'>prevenientes,</span> <span class='ocrx_word' id='word_1_69' title='bbox 1485 1674 1580 1743; x_wconf 88' lang='lat' dir='ltr'>quem</span> 
     </span>
     <span class='ocr_line' id='line_1_11' title="bbox 391 1769 1578 1863; baseline 0.003 -24"><span class='ocrx_word' id='word_1_70' title='bbox 391 1769 434 1839; x_wconf 86' lang='lat' dir='ltr'>lo</span> <span class='ocrx_word' id='word_1_71' title='bbox 459 1770 568 1840; x_wconf 92' lang='lat' dir='ltr'>vivum</span> <span class='ocrx_word' id='word_1_72' title='bbox 597 1771 630 1839; x_wconf 92' lang='lat' dir='ltr'>in</span> <span class='ocrx_word' id='word_1_73' title='bbox 660 1788 753 1862; x_wconf 82' lang='lat' dir='ltr'>agros</span> <span class='ocrx_word' id='word_1_74' title='bbox 779 1773 945 1859; x_wconf 87' lang='lat' dir='ltr'>miserant,</span> <span class='ocrx_word' id='word_1_75' title='bbox 975 1773 1077 1842; x_wconf 82' lang='lat' dir='ltr'>lilium</span> <span class='ocrx_word' id='word_1_76' title='bbox 1101 1774 1168 1863; x_wconf 85' lang='lat' dir='ltr'>jam</span> <span class='ocrx_word' id='word_1_77' title='bbox 1193 1784 1356 1843; x_wconf 90' lang='lat' dir='ltr'>mortuum</span> <span class='ocrx_word' id='word_1_78' title='bbox 1384 1774 1578 1863; x_wconf 87' lang='lat' dir='ltr'>repperiunt.</span> 
     </span>
     <span class='ocr_line' id='line_1_12' title="bbox 395 1872 1582 1980; baseline 0.001 -24"><span class='ocrx_word' id='word_1_79' title='bbox 395 1900 399 1911; x_wconf 87' lang='lat'>&#39;</span> <span class='ocrx_word' id='word_1_80' title='bbox 459 1889 543 1974; x_wconf 89' lang='lat' dir='ltr'>Heu,</span> <span class='ocrx_word' id='word_1_81' title='bbox 570 1898 689 1978; x_wconf 88' lang='lat' dir='ltr'>quauta</span> <span class='ocrx_word' id='word_1_82' title='bbox 717 1888 1003 1965; x_wconf 87' lang='lat' dir='ltr'>miseriamatris!</span> <span class='ocrx_word' id='word_1_83' title='bbox 1034 1872 1174 1980; x_wconf 89' lang='lat' dir='ltr'>quantus</span> <span class='ocrx_word' id='word_1_84' title='bbox 1203 1891 1301 1979; x_wconf 88' lang='lat' dir='ltr'>patris</span> <span class='ocrx_word' id='word_1_85' title='bbox 1323 1888 1433 1960; x_wconf 91' lang='lat' dir='ltr'>dolorl</span> <span class='ocrx_word' id='word_1_86' title='bbox 1463 1902 1582 1980; x_wconf 88' lang='lat' dir='ltr'>quanta</span> 
     </span>
    </p>

    <p class='ocr_par' dir='ltr' id='par_1_5' title="bbox 386 2002 1583 3823">
     <span class='ocr_line' id='line_1_13' title="bbox 459 2002 1580 2094; baseline 0 -23"><span class='ocrx_word' id='word_1_87' title='bbox 459 2003 592 2094; x_wconf 82' lang='lat' dir='ltr'>fratrum</span> <span class='ocrx_word' id='word_1_88' title='bbox 622 2002 786 2093; x_wconf 82' lang='lat' dir='ltr'>angustia!</span> <span class='ocrx_word' id='word_1_89' title='bbox 816 2004 899 2087; x_wconf 81' lang='lat' dir='ltr'>Quis</span> <span class='ocrx_word' id='word_1_90' title='bbox 924 2023 1076 2094; x_wconf 89' lang='lat' dir='ltr'>umquam</span> <span class='ocrx_word' id='word_1_91' title='bbox 1102 2005 1236 2073; x_wconf 85' lang='lat' dir='ltr'>miretur</span> <span class='ocrx_word' id='word_1_92' title='bbox 1258 2004 1297 2073; x_wconf 90' lang='lat' dir='ltr'>de</span> <span class='ocrx_word' id='word_1_93' title='bbox 1325 2004 1501 2089; x_wconf 88' lang='lat' dir='ltr'>amissione</span> <span class='ocrx_word' id='word_1_94' title='bbox 1526 2004 1580 2072; x_wconf 86' lang='lat' dir='ltr'>lilii</span> 
     </span>
     <span class='ocr_line' id='line_1_14' title="bbox 459 2117 1582 2210; baseline 0.001 -25"><span class='ocrx_word' id='word_1_95' title='bbox 459 2128 594 2186; x_wconf 90' lang='lat' dir='ltr'>matrem</span> <span class='ocrx_word' id='word_1_96' title='bbox 614 2137 738 2186; x_wconf 90' lang='lat' dir='ltr'>merore</span> <span class='ocrx_word' id='word_1_97' title='bbox 757 2117 953 2186; x_wconf 83' lang='lat' dir='ltr'>conlectam?</span> <span class='ocrx_word' id='word_1_98' title='bbox 972 2120 1046 2208; x_wconf 89' lang='lat' dir='ltr'>quis</span> <span class='ocrx_word' id='word_1_99' title='bbox 1069 2120 1108 2187; x_wconf 89' lang='lat' dir='ltr'>de</span> <span class='ocrx_word' id='word_1_100' title='bbox 1131 2120 1311 2210; x_wconf 86' lang='lat' dir='ltr'>perditione</span> <span class='ocrx_word' id='word_1_101' title='bbox 1334 2119 1435 2210; x_wconf 90' lang='lat' dir='ltr'>prolis</span> <span class='ocrx_word' id='word_1_102' title='bbox 1460 2128 1582 2207; x_wconf 90' lang='lat' dir='ltr'>patrem</span> 
     </span>
     <span class='ocr_line' id='line_1_15' title="bbox 459 2232 1582 2323; baseline 0.003 -24"><span class='ocrx_word' id='word_1_103' title='bbox 459 2232 601 2323; x_wconf 88' lang='lat' dir='ltr'>increpet</span> <span class='ocrx_word' id='word_1_104' title='bbox 633 2232 861 2300; x_wconf 82' lang='lat' dir='ltr'>furibundum?</span> <span class='ocrx_word' id='word_1_105' title='bbox 892 2232 963 2321; x_wconf 88' lang='lat' dir='ltr'>quis</span> <span class='ocrx_word' id='word_1_106' title='bbox 991 2253 1088 2323; x_wconf 90' lang='lat' dir='ltr'>super</span> <span class='ocrx_word' id='word_1_107' title='bbox 1118 2232 1299 2303; x_wconf 82' lang='lat' dir='ltr'>recessione</span> <span class='ocrx_word' id='word_1_108' title='bbox 1329 2232 1436 2302; x_wconf 89' lang='lat' dir='ltr'>lratris</span> <span class='ocrx_word' id='word_1_109' title='bbox 1467 2234 1582 2302; x_wconf 83' lang='lat' dir='ltr'>fratres</span> 
     </span>
     <span class='ocr_line' id='line_1_16' title="bbox 390 2341 1582 2436; baseline 0.007 -27"><span class='ocrx_word' id='word_1_110' title='bbox 390 2341 433 2409; x_wconf 79' lang='lat'>15</span> <span class='ocrx_word' id='word_1_111' title='bbox 459 2347 628 2416; x_wconf 88' lang='lat' dir='ltr'>condolere</span> <span class='ocrx_word' id='word_1_112' title='bbox 647 2345 847 2435; x_wconf 77' lang='lat' dir='ltr'>prohibebit?</span> <span class='ocrx_word' id='word_1_113' title='bbox 865 2347 1006 2415; x_wconf 88' lang='lat' dir='ltr'>Puerum</span> <span class='ocrx_word' id='word_1_114' title='bbox 1030 2346 1129 2436; x_wconf 84' lang='lat' dir='ltr'>igitur</span> <span class='ocrx_word' id='word_1_115' title='bbox 1151 2347 1356 2416; x_wconf 88' lang='lat' dir='ltr'>sublevantes</span> <span class='ocrx_word' id='word_1_116' title='bbox 1380 2345 1513 2416; x_wconf 90' lang='lat' dir='ltr'>domum</span> <span class='ocrx_word' id='word_1_117' title='bbox 1531 2369 1582 2417; x_wconf 91' lang='lat' dir='ltr'>re-</span> 
     </span>
     <span class='ocr_line' id='line_1_17' title="bbox 458 2462 1581 2553; baseline 0 -21"><span class='ocrx_word' id='word_1_118' title='bbox 458 2463 570 2551; x_wconf 89' lang='lat' dir='ltr'>deunt,</span> <span class='ocrx_word' id='word_1_119' title='bbox 595 2462 718 2531; x_wconf 90' lang='lat' dir='ltr'>intimis</span> <span class='ocrx_word' id='word_1_120' title='bbox 742 2462 917 2552; x_wconf 83' lang='lat' dir='ltr'>precordiis</span> <span class='ocrx_word' id='word_1_121' title='bbox 940 2462 980 2531; x_wconf 91' lang='lat' dir='ltr'>ad</span> <span class='ocrx_word' id='word_1_122' title='bbox 1006 2476 1154 2532; x_wconf 89' lang='lat' dir='ltr'>sanctum</span> <span class='ocrx_word' id='word_1_123' title='bbox 1179 2463 1427 2553; x_wconf 75' lang='lat' dir='ltr'>Wingualoeum</span> <span class='ocrx_word' id='word_1_124' title='bbox 1456 2463 1581 2551; x_wconf 81' lang='lat' dir='ltr'>procla·</span> 
     </span>
     <span class='ocr_line' id='line_1_18' title="bbox 459 2577 1582 2668; baseline -0.002 -22"><span class='ocrx_word' id='word_1_125' title='bbox 459 2589 560 2665; x_wconf 90' lang='lat' dir='ltr'>mant,</span> <span class='ocrx_word' id='word_1_126' title='bbox 577 2577 653 2646; x_wconf 90' lang='lat' dir='ltr'>talia</span> <span class='ocrx_word' id='word_1_127' title='bbox 667 2578 733 2646; x_wconf 86' lang='lat' dir='ltr'>Deo</span> <span class='ocrx_word' id='word_1_128' title='bbox 747 2577 843 2645; x_wconf 91' lang='lat' dir='ltr'>simul</span> <span class='ocrx_word' id='word_1_129' title='bbox 858 2587 891 2645; x_wconf 89' lang='lat' dir='ltr'>et</span> <span class='ocrx_word' id='word_1_130' title='bbox 904 2577 975 2667; x_wconf 89' lang='lat' dir='ltr'>ejus</span> <span class='ocrx_word' id='word_1_131' title='bbox 989 2577 1110 2668; x_wconf 79' lang='lat' dir='ltr'>college</span> <span class='ocrx_word' id='word_1_132' title='bbox 1123 2587 1198 2647; x_wconf 93' lang='lat' dir='ltr'>vota</span> <span class='ocrx_word' id='word_1_133' title='bbox 1210 2588 1375 2665; x_wconf 85' lang='lat' dir='ltr'>voventes,</span> <span class='ocrx_word' id='word_1_134' title='bbox 1392 2587 1440 2664; x_wconf 94' lang='lat' dir='ltr'>ut,</span> <span class='ocrx_word' id='word_1_135' title='bbox 1458 2578 1510 2659; x_wconf 92' lang='lat' dir='ltr'>[si]</span> <span class='ocrx_word' id='word_1_136' title='bbox 1526 2598 1582 2666; x_wconf 89' lang='lat' dir='ltr'>per</span> 
     </span>
     <span class='ocr_line' id='line_1_19' title="bbox 458 2692 1583 2784; baseline 0.001 -22"><span class='ocrx_word' id='word_1_137' title='bbox 458 2714 532 2762; x_wconf 90' lang='lat' dir='ltr'>eum</span> <span class='ocrx_word' id='word_1_138' title='bbox 552 2694 709 2763; x_wconf 88' lang='lat' dir='ltr'>Dominus</span> <span class='ocrx_word' id='word_1_139' title='bbox 728 2714 783 2764; x_wconf 94' lang='lat' dir='ltr'>eos</span> <span class='ocrx_word' id='word_1_140' title='bbox 803 2694 999 2782; x_wconf 86' lang='lat' dir='ltr'>visitaretur,</span> <span class='ocrx_word' id='word_1_141' title='bbox 1020 2694 1053 2761; x_wconf 91' lang='lat' dir='ltr'>in</span> <span class='ocrx_word' id='word_1_142' title='bbox 1078 2715 1206 2763; x_wconf 91' lang='lat' dir='ltr'>servum</span> <span class='ocrx_word' id='word_1_143' title='bbox 1228 2694 1256 2763; x_wconf 90' lang='lat' dir='ltr'>ei</span> <span class='ocrx_word' id='word_1_144' title='bbox 1285 2714 1381 2784; x_wconf 92' lang='lat' dir='ltr'>quem</span> <span class='ocrx_word' id='word_1_145' title='bbox 1408 2692 1583 2763; x_wconf 87' lang='lat' dir='ltr'>amiserant</span> 
     </span>
     <span class='ocr_line' id='line_1_20' title="bbox 457 2809 1581 2898; baseline 0.002 -21"><span class='ocrx_word' id='word_1_146' title='bbox 457 2809 560 2879; x_wconf 84' lang='lat' dir='ltr'>lilium</span> <span class='ocrx_word' id='word_1_147' title='bbox 579 2812 800 2881; x_wconf 82' lang='lat' dir='ltr'>concederent.</span> <span class='ocrx_word' id='word_1_148' title='bbox 823 2810 948 2893; x_wconf 81' lang='lat' dir='ltr'>Quibus</span> <span class='ocrx_word' id='word_1_149' title='bbox 967 2812 1000 2879; x_wconf 94' lang='lat' dir='ltr'>in</span> <span class='ocrx_word' id='word_1_150' title='bbox 1020 2811 1161 2881; x_wconf 86' lang='lat' dir='ltr'>secundo</span> <span class='ocrx_word' id='word_1_151' title='bbox 1179 2810 1231 2879; x_wconf 93' lang='lat' dir='ltr'>die</span> <span class='ocrx_word' id='word_1_152' title='bbox 1250 2810 1334 2879; x_wconf 90' lang='lat' dir='ltr'>circa</span> <span class='ocrx_word' id='word_1_153' title='bbox 1351 2810 1581 2898; x_wconf 86' lang='lat' dir='ltr'>corpusculum</span> 
     </span>
     <span class='ocr_line' id='line_1_21' title="bbox 387 2922 1582 3016; baseline 0.004 -26"><span class='ocrx_word' id='word_1_154' title='bbox 387 2922 432 2990; x_wconf 77' lang='lat'>20</span> <span class='ocrx_word' id='word_1_155' title='bbox 457 2925 687 3016; x_wconf 87' lang='lat' dir='ltr'>adjacentibus,</span> <span class='ocrx_word' id='word_1_156' title='bbox 704 2946 827 2995; x_wconf 88' lang='lat' dir='ltr'>merore</span> <span class='ocrx_word' id='word_1_157' title='bbox 840 2925 1010 3010; x_wconf 78' lang='lat' dir='ltr'>conlectis,</span> <span class='ocrx_word' id='word_1_158' title='bbox 1023 2925 1165 2994; x_wconf 88' lang='lat' dir='ltr'>lacrimis</span> <span class='ocrx_word' id='word_1_159' title='bbox 1177 2924 1411 3011; x_wconf 88' lang='lat' dir='ltr'>deficientibus,</span> <span class='ocrx_word' id='word_1_160' title='bbox 1427 2926 1582 2995; x_wconf 90' lang='lat' dir='ltr'>membris</span> 
     </span>
     <span class='ocr_line' id='line_1_22' title="bbox 456 3041 1582 3130; baseline 0 -21"><span class='ocrx_word' id='word_1_161' title='bbox 456 3061 513 3130; x_wconf 92' lang='lat' dir='ltr'>pre</span> <span class='ocrx_word' id='word_1_162' title='bbox 531 3061 646 3110; x_wconf 89' lang='lat' dir='ltr'>somno</span> <span class='ocrx_word' id='word_1_163' title='bbox 665 3041 910 3128; x_wconf 81' lang='lat' dir='ltr'>lacessentibus,</span> <span class='ocrx_word' id='word_1_164' title='bbox 926 3041 976 3109; x_wconf 95' lang='lat' dir='ltr'>cui</span> <span class='ocrx_word' id='word_1_165' title='bbox 996 3061 1057 3110; x_wconf 91' lang='lat' dir='ltr'>nec</span> <span class='ocrx_word' id='word_1_166' title='bbox 1074 3061 1148 3127; x_wconf 84' lang='lat' dir='ltr'>vox,</span> <span class='ocrx_word' id='word_1_167' title='bbox 1163 3061 1224 3109; x_wconf 91' lang='lat' dir='ltr'>nec</span> <span class='ocrx_word' id='word_1_168' title='bbox 1237 3060 1364 3127; x_wconf 73' lang='lat' dir='ltr'>censue,</span> <span class='ocrx_word' id='word_1_169' title='bbox 1380 3060 1440 3109; x_wconf 89' lang='lat' dir='ltr'>nec</span> <span class='ocrx_word' id='word_1_170' title='bbox 1453 3042 1582 3129; x_wconf 89' lang='lat' dir='ltr'>penitus</span> 
     </span>
     <span class='ocr_line' id='line_1_23' title="bbox 394 3154 1578 3245; baseline -0.002 -20"><span class='ocrx_word' id='word_1_171' title='bbox 394 3178 396 3183; x_wconf 92' lang='lat'>·</span> <span class='ocrx_word' id='word_1_172' title='bbox 457 3155 522 3225; x_wconf 88' lang='lat' dir='ltr'>vita</span> <span class='ocrx_word' id='word_1_173' title='bbox 539 3156 738 3245; x_wconf 85' lang='lat' dir='ltr'>credebatur,</span> <span class='ocrx_word' id='word_1_174' title='bbox 753 3175 835 3225; x_wconf 90' lang='lat' dir='ltr'>vena</span> <span class='ocrx_word' id='word_1_175' title='bbox 854 3154 992 3244; x_wconf 88' lang='lat' dir='ltr'>quedam</span> <span class='ocrx_word' id='word_1_176' title='bbox 1011 3155 1074 3224; x_wconf 90' lang='lat' dir='ltr'>sub</span> <span class='ocrx_word' id='word_1_177' title='bbox 1087 3166 1216 3245; x_wconf 85' lang='lat' dir='ltr'>gutture</span> <span class='ocrx_word' id='word_1_178' title='bbox 1229 3155 1350 3225; x_wconf 87' lang='lat' dir='ltr'>moveri</span> <span class='ocrx_word' id='word_1_179' title='bbox 1365 3156 1578 3244; x_wconf 90' lang='lat' dir='ltr'>procernitur.</span> 
     </span>
     <span class='ocr_line' id='line_1_24' title="bbox 457 3270 1582 3359; baseline -0.002 -18"><span class='ocrx_word' id='word_1_180' title='bbox 457 3272 550 3355; x_wconf 84' lang='lat' dir='ltr'>Quod</span> <span class='ocrx_word' id='word_1_181' title='bbox 575 3271 788 3342; x_wconf 88' lang='lat' dir='ltr'>adtractaute&#39;s</span> <span class='ocrx_word' id='word_1_182' title='bbox 812 3271 974 3358; x_wconf 90' lang='lat' dir='ltr'>manibus,</span> <span class='ocrx_word' id='word_1_183' title='bbox 999 3270 1154 3359; x_wconf 89' lang='lat' dir='ltr'>paulatim</span> <span class='ocrx_word' id='word_1_184' title='bbox 1181 3270 1353 3341; x_wconf 89' lang='lat' dir='ltr'>incalelieri</span> <span class='ocrx_word' id='word_1_185' title='bbox 1379 3271 1582 3341; x_wconf 86' lang='lat' dir='ltr'>manifestius</span> 
     </span>
     <span class='ocr_line' id='line_1_25' title="bbox 457 3385 1581 3477; baseline -0.004 -21"><span class='ocrx_word' id='word_1_186' title='bbox 457 3386 612 3456; x_wconf 88' lang='lat' dir='ltr'>sentiunt.</span> <span class='ocrx_word' id='word_1_187' title='bbox 638 3386 709 3469; x_wconf 84' lang='lat' dir='ltr'>Quo</span> <span class='ocrx_word' id='word_1_188' title='bbox 726 3390 907 3477; x_wconf 61' lang='lat' dir='ltr'>comperto,</span> <span class='ocrx_word' id='word_1_189' title='bbox 934 3386 970 3453; x_wconf 85' lang='lat' dir='ltr'>lit</span> <span class='ocrx_word' id='word_1_190' title='bbox 992 3385 1114 3454; x_wconf 91' lang='lat' dir='ltr'>clamor</span> <span class='ocrx_word' id='word_1_191' title='bbox 1136 3385 1281 3454; x_wconf 88' lang='lat' dir='ltr'>omnium</span> <span class='ocrx_word' id='word_1_192' title='bbox 1307 3406 1393 3454; x_wconf 90' lang='lat' dir='ltr'>unus</span> <span class='ocrx_word' id='word_1_193' title='bbox 1419 3411 1427 3454; x_wconf 75' lang='grc' dir='ltr'><strong><em>ε</em></strong></span> <span class='ocrx_word' id='word_1_194' title='bbox 1456 3413 1472 3446; x_wconf 73' lang='lat' dir='ltr'>c</span> <span class='ocrx_word' id='word_1_195' title='bbox 1503 3385 1581 3454; x_wconf 88' lang='lat' dir='ltr'>Pius</span> 
     </span>
     <span class='ocr_line' id='line_1_26' title="bbox 386 3499 1580 3591; baseline -0.003 -20"><span class='ocrx_word' id='word_1_196' title='bbox 386 3502 430 3572; x_wconf 78' lang='lat'>25</span> <span class='ocrx_word' id='word_1_197' title='bbox 457 3501 540 3572; x_wconf 88' lang='lat' dir='ltr'>adsit</span> <span class='ocrx_word' id='word_1_198' title='bbox 571 3502 815 3591; x_wconf 86' lang='lat' dir='ltr'>Wingualoeus,</span> <span class='ocrx_word' id='word_1_199' title='bbox 850 3520 973 3591; x_wconf 88' lang='lat' dir='ltr'>nosque</span> <span class='ocrx_word' id='word_1_200' title='bbox 1003 3499 1060 3569; x_wconf 88' lang='lat' dir='ltr'>diu</span> <span class='ocrx_word' id='word_1_201' title='bbox 1089 3511 1210 3570; x_wconf 87' lang='lat' dir='ltr'>mestos</span> <span class='ocrx_word' id='word_1_202' title='bbox 1242 3501 1335 3570; x_wconf 82' lang='lat' dir='ltr'>faciat</span> <span class='ocrx_word' id='word_1_203' title='bbox 1367 3501 1580 3570; x_wconf 86' lang='lat' dir='ltr'>medicamine</span> 
     </span>
     <span class='ocr_line' id='line_1_27' title="bbox 457 3615 1579 3707; baseline -0.002 -22"><span class='ocrx_word' id='word_1_204' title='bbox 457 3616 556 3687; x_wconf 86' lang='lat' dir='ltr'>letos!</span> <span class='ocrx_word' id='word_1_205' title='bbox 576 3646 590 3679; x_wconf 88' lang='lat'>»</span> <span class='ocrx_word' id='word_1_206' title='bbox 608 3617 678 3700; x_wconf 80' lang='lat' dir='ltr'>Quo</span> <span class='ocrx_word' id='word_1_207' title='bbox 698 3616 795 3704; x_wconf 89' lang='lat' dir='ltr'>dicto,</span> <span class='ocrx_word' id='word_1_208' title='bbox 820 3636 900 3707; x_wconf 91' lang='lat' dir='ltr'>puer</span> <span class='ocrx_word' id='word_1_209' title='bbox 925 3615 1036 3684; x_wconf 88' lang='lat' dir='ltr'>oculos</span> <span class='ocrx_word' id='word_1_210' title='bbox 1058 3615 1114 3684; x_wconf 91' lang='lat' dir='ltr'>diu</span> <span class='ocrx_word' id='word_1_211' title='bbox 1133 3615 1260 3685; x_wconf 89' lang='lat' dir='ltr'>clausos</span> <span class='ocrx_word' id='word_1_212' title='bbox 1277 3616 1392 3705; x_wconf 89' lang='lat' dir='ltr'>aperit,</span> <span class='ocrx_word' id='word_1_213' title='bbox 1412 3627 1508 3705; x_wconf 88' lang='lat' dir='ltr'>atque</span> <span class='ocrx_word' id='word_1_214' title='bbox 1527 3617 1579 3684; x_wconf 92' lang='lat' dir='ltr'>in·</span> 
     </span>
     <span class='ocr_line' id='line_1_28' title="bbox 392 3731 1577 3823; baseline 0 -24"><span class='ocrx_word' id='word_1_215' title='bbox 392 3782 394 3787; x_wconf 83' lang='lat'>-</span> <span class='ocrx_word' id='word_1_216' title='bbox 457 3752 579 3801; x_wconf 86' lang='lat' dir='ltr'>memor</span> <span class='ocrx_word' id='word_1_217' title='bbox 597 3732 816 3823; x_wconf 88' lang='lat' dir='ltr'>oppressionis</span> <span class='ocrx_word' id='word_1_218' title='bbox 835 3752 903 3801; x_wconf 82' lang='lat' dir='ltr'>suae</span> <span class='ocrx_word' id='word_1_219' title='bbox 920 3751 1021 3801; x_wconf 90' lang='lat' dir='ltr'>sanus</span> <span class='ocrx_word' id='word_1_220' title='bbox 1039 3732 1185 3818; x_wconf 83' lang='lat' dir='ltr'>efficitur,</span> <span class='ocrx_word' id='word_1_221' title='bbox 1202 3731 1407 3820; x_wconf 85' lang='lat' dir='ltr'>permittente</span> <span class='ocrx_word' id='word_1_222' title='bbox 1425 3731 1577 3817; x_wconf 84' lang='lat' dir='ltr'>Domino,</span> 
     </span>
    </p>
   </div>
   <div class='ocr_carea' id='block_1_4' title="bbox 456 3849 1268 3941">
    <p class='ocr_par' dir='ltr' id='par_1_6' title="bbox 456 3849 1268 3941">
     <span class='ocr_line' id='line_1_29' title="bbox 456 3849 1268 3941; baseline 0.002 -23"><span class='ocrx_word' id='word_1_223' title='bbox 456 3849 510 3918; x_wconf 90' lang='lat' dir='ltr'>cui</span> <span class='ocrx_word' id='word_1_224' title='bbox 528 3870 663 3941; x_wconf 81' lang='lat' dir='ltr'>reguum</span> <span class='ocrx_word' id='word_1_225' title='bbox 681 3861 713 3920; x_wconf 90' lang='lat' dir='ltr'>et</span> <span class='ocrx_word' id='word_1_226' title='bbox 731 3850 899 3940; x_wconf 89' lang='lat' dir='ltr'>imperium</span> <span class='ocrx_word' id='word_1_227' title='bbox 918 3851 990 3921; x_wconf 89' lang='lat' dir='ltr'>sine</span> <span class='ocrx_word' id='word_1_228' title='bbox 1008 3850 1072 3920; x_wconf 87' lang='lat' dir='ltr'>line</span> <span class='ocrx_word' id='word_1_229' title='bbox 1090 3861 1268 3941; x_wconf 87' lang='lat' dir='ltr'>permanet.</span> 
     </span>
    </p>
   </div>
   <div class='ocr_carea' id='block_1_5' title="bbox 954 4163 1079 4235">
    <p class='ocr_par' dir='ltr' id='par_1_7' title="bbox 954 4163 1079 4235">
     <span class='ocr_line' id='line_1_30' title="bbox 954 4163 1079 4235; baseline -0.016 0"><span class='ocrx_word' id='word_1_230' title='bbox 954 4163 1079 4235; x_wconf 87' lang='lat' dir='ltr'>LXVlll</span> 
     </span>
    </p>
   </div>
   <div class='ocr_carea' id='block_1_6' title="bbox 498 4414 1570 4517">
    <p class='ocr_par' dir='ltr' id='par_1_8' title="bbox 498 4414 1570 4517">
     <span class='ocr_line' id='line_1_31' title="bbox 498 4414 1570 4517; baseline -0.007 -23"><span class='ocrx_word' id='word_1_231' title='bbox 498 4420 588 4517; x_wconf 81' lang='grc' dir='ltr'>[ιιι.</span> <span class='ocrx_word' id='word_1_232' title='bbox 610 4432 651 4507; x_wconf 75' lang='lat' dir='ltr'>o,</span> <span class='ocrx_word' id='word_1_233' title='bbox 674 4430 745 4493; x_wconf 80' lang='lat' dir='ltr'>rot.</span> <span class='ocrx_word' id='word_1_234' title='bbox 767 4434 822 4493; x_wconf 75' lang='lat' dir='ltr'>aa</span> <span class='ocrx_word' id='word_1_235' title='bbox 843 4414 898 4509; x_wconf 66' lang='lat' dir='ltr'>vr]</span> <span class='ocrx_word' id='word_1_236' title='bbox 916 4417 1054 4501; x_wconf 81' lang='lat' dir='ltr'>Quidam</span> <span class='ocrx_word' id='word_1_237' title='bbox 1078 4416 1126 4487; x_wconf 93' lang='lat' dir='ltr'>vir</span> <span class='ocrx_word' id='word_1_238' title='bbox 1150 4417 1281 4487; x_wconf 88' lang='lat' dir='ltr'>nornine</span> <span class='ocrx_word' id='word_1_239' title='bbox 1305 4416 1473 4506; x_wconf 88' lang='lat' dir='ltr'>Petranus,</span> <span class='ocrx_word' id='word_1_240' title='bbox 1491 4435 1570 4508; x_wconf 83' lang='lat' dir='ltr'>qua·</span> 
     </span>
    </p>
   </div>
   <div class='ocr_carea' id='block_1_7' title="bbox 0 0 1734 5667">
    <p class='ocr_par' dir='ltr' id='par_1_9' title="bbox 0 0 1734 5667">
     <span class='ocr_line' id='line_1_32' title="bbox 0 0 1734 5667; baseline 0 0"><span class='ocrx_word' id='word_1_241' title='bbox 0 0 1734 5667; x_wconf 95' lang='lat' dir='ltr'> </span> 
     </span>
    </p>
   </div>
  </div>
 </body>
</html>
