3459 5667
655 611 705 627 ...
729 574 770 644 pp
790 609 838 627 ..-

508 886 511 891 ’
616 904 790 1002 oneu'u
824 927 882 1001 ux

221 1169 268 1235 De
287 1168 423 1252 ciusdem
440 1167 654 1234 misericordia
672 1174 702 1233 et
719 1186 894 1251 pauperum
912 1167 1033 1254 affabili
1050 1169 1271 1238 consolatione.

227 1408 290 1477 Per
315 1406 403 1477 idem
431 1427 559 1497 quoque
582 1417 723 1496 tempus,
748 1406 904 1496 gliscente
930 1407 964 1475 in
992 1408 1106 1477 eodem
1128 1406 1230 1497 gratia
1253 1406 1312 1477 Dei
1336 1404 1352 1456 ἓ

180 1539 291 1591 coram
310 1522 377 1589 Deo
401 1530 435 1589 et
456 1520 656 1607 hominibus,
676 1531 708 1589 et
732 1532 937 1609 precurrente
961 1542 1066 1590 aeuum
1091 1522 1196 1590 adbuc
1219 1532 1311 1591 tene·

179 1656 256 1705 rum
274 1634 399 1724 sophia,
424 1655 479 1720 ne,
504 1635 592 1704 uelut
613 1634 758 1722 pecuniae
783 1635 866 1703 male
890 1635 1026 1705 defossae
1052 1647 1161 1706 custos
1179 1635 1312 1725 iniquus

179 1749 222 1817 ab
240 1758 388 1819 exactore
407 1749 687 1836 condemnaretur,
715 1749 858 1818 minores
882 1770 1028 1839 quosque
1054 1752 1180 1835 iratres,
1200 1750 1311 1820 statim

180 1872 218 1931 ut
234 1861 411 1952 reperiebat
430 1863 523 1952 (quos
547 1883 696 1933 summus
715 1864 829 1933 iratres
853 1885 920 1933 non
945 1864 1138 1955 dedignatur
1159 1864 1312 1954 Magister
1361 1868 1385 1937 5

145 2061 147 2065 v
175 1980 283 2072 [uel.
304 1984 370 2061 aa]
387 1979 547 2067 appellare
561 1980 662 2066 suos),
678 1998 752 2046 cum
768 1978 912 2047 alimenti
926 1978 1101 2067 corporalis
1115 1978 1199 2046 ultra
1213 1976 1311 2046 etiam
1363 1965 1369 2024 Ῑ

180 2093 426 2183 possibilitatem
455 2092 526 2181 ejus
552 2092 856 2179 amministratione,
887 2092 987 2160 divini
1015 2091 1124 2181 pabuli
1151 2092 1310 2160 relocilla-

180 2207 270 2276 tione
296 2204 388 2294 caepit
416 2206 552 2293 nutrire,
579 2206 646 2295 jam
673 2226 739 2274 non
766 2205 884 2275 surdus
909 2205 1010 2274 diuini
1037 2206 1157 2295 eloquii
1184 2204 1312 2274 auditor

179 2319 352 2389 dicentis:
381 2346 396 2394 ς(
422 2319 483 2401 Qui
513 2319 642 2388 obturat
668 2337 779 2387 aurem
807 2338 900 2387 suam
928 2340 970 2388 ne
996 2319 1107 2388 audiat
1136 2319 1311 2388 clamorem

180 2434 342 2523 pauperis,
363 2433 513 2501 clamabit
530 2442 563 2501 et
581 2432 651 2521 ipse
665 2443 697 2502 et
716 2434 857 2501 nouerit
875 2434 929 2522 qui
944 2434 1107 2518 exaudiat,
1126 2436 1192 2501 »¹et
1204 2433 1280 2501 alibi
1298 2462 1305 2500 ε
1339 2439 1383 2507 10

184 2548 375 2632 «Quamdiu
395 2547 516 2616 lecistis
535 2547 592 2615 tuni
611 2568 650 2615 ex
669 2547 814 2616 minimis
832 2548 914 2616 meis
931 2548 1029 2616 miobi
1049 2548 1183 2617 lecistis.
1205 2576 1218 2610 u
1236 2549 1310 2616 Mox

181 2662 267 2730 enim
286 2660 339 2728 ubi
365 2678 487 2749 pauper
509 2660 673 2745 clamaret,
699 2662 766 2729 Deo
789 2661 909 2750 gratias
932 2680 1043 2750 agens,
1064 2662 1214 2747 festinus,
1234 2681 1309 2729 com

179 2774 268 2843 omni
289 2784 395 2843 tamen
415 2774 571 2862 gravitate
590 2784 621 2843 et
644 2775 814 2858 modestia,
836 2774 900 2842 nisi
923 2774 957 2841 in
981 2774 1089 2861 aliquo
1107 2774 1189 2843 sorte
1207 2773 1307 2841 divini

178 2888 274 2956 officii
303 2898 478 2976 occupatus
507 2888 641 2977 negocio
669 2887 756 2977 quod
781 2888 872 2956 nullo
895 2888 1028 2955 omnino
1051 2898 1159 2974 posset
1185 2887 1308 2956 differri

179 3004 289 3091 modo,
310 3003 495 3073 occurrebat
514 3002 554 3070 ad
573 3023 661 3088 eum,
676 3022 769 3091 opem
789 3002 836 3070 illi
855 3001 1025 3071 confestim
1040 3012 1255 3089 prestaturum
1276 3011 1309 3069 et
1337 3003 1380 3072 15

179 3138 261 3207 quos
279 3118 366 3187 unde
380 3128 523 3207 pasceret
538 3117 718 3185 substantia
733 3116 889 3204 corporali
903 3116 1038 3185 minime
1052 3116 1195 3205 baberet,
1211 3116 1308 3185 uber-

175 3234 271 3302 rimis
290 3254 374 3323 saepe
397 3234 531 3303 lletuum
555 3254 630 3302 cum
649 3232 765 3301 intimo
787 3233 945 3322 precordii
970 3232 1020 3301 sui
1043 3232 1195 3320 suspirio,
1215 3228 1307 3299 adbi-

178 3348 256 3418 bitis
286 3351 389 3419 beon
422 3350 626 3438 pulsantibus
654 3356 750 3432 [nor.
774 3367 829 3420 ae
850 3355 899 3431 νῦ]
926 3348 1152 3438 querimoniis,
1180 3344 1332 3413 illorum

178 3466 346 3555 penuriam
366 3467 504 3535 multum
528 3467 713 3555 deplorans,
739 3466 868 3535 illorum
893 3466 991 3535 corda
1013 3486 1069 3554 spe
1088 3464 1308 3532 retributionis

171 3592 306 3651 'aeternae
334 3582 519 3668 sublevans,
549 3600 806 3651 commemorans
833 3581 898 3649 illis
929 3581 1026 3650 etiam
1053 3578 1265 3667 Evangelium
1286 3605 1303 3659 v:
1333 3572 1378 3641 20

180 3694 312 3762 «Beati
340 3694 430 3763 eritis
461 3696 516 3784 qui
545 3715 633 3763 nuno
660 3694 744 3763 lletis
771 3704 804 3763 et
826 3694 967 3779 esuritis,
997 3693 1074 3782 quia
1101 3692 1247 3761 ridebitis
1274 3701 1308 3759 et

177 3808 399 3877 saturabimini
422 3810 661 3897 coelestinum
688 3830 743 3878 eos
766 3828 832 3877 non
858 3807 1003 3877 cessabat
1025 3807 1160 3875 educare
1185 3806 1307 3875 divitiis

175 3945 248 4013 quoe
275 3942 452 4013 numquam
478 3924 691 4013 dispergendo
716 3924 946 3993 detrimentum
970 3923 1035 4011 pati
1059 3922 1222 4006 nesciunt,
1249 3918 1307 3989 sed

177 4038 279 4128 magis
307 4038 473 4129 magmque
504 4039 669 4129 largiendo
697 4040 731 4107 in
760 4047 970 4129 augmentum
1000 4038 1050 4107 sui
1079 4057 1154 4106 oum
1185 4035 1306 4104 iaenore

177 4164 376 4222 accrescunt.
1151 4210 1155 4216 .
1333 4142 1378 4214 25

173 4294 177 4302 ·
222 4266 286 4336 Sed
305 4267 344 4337 de
363 4267 432 4355 illo,
453 4268 486 4337 in
506 4288 604 4358 ymno
623 4268 663 4336 de
681 4265 809 4356 ejudem
827 4267 923 4335 laude
942 4265 1167 4335 mercloanum
1186 4262 1306 4331 rithmo

173 4380 302 4456 ratione
330 4381 414 4452 bene
444 4382 636 4471 composito,
670 4382 831 4470 Clemens,
863 4380 983 4450 Christi
1014 4380 1169 4467 famulus,
1197 4374 1307 4469 adulta
