3459 5667
880 619 920 638 ·-
947 581 1012 655 tllt
1035 618 1079 636 -

456 725 658 794 Consuerant
676 723 791 793 iratres
809 723 925 794 collata
944 727 1061 794 referre
1082 722 1237 793 sedendo.

455 839 557 908 Istinc
574 841 771 928 conspicitur
789 841 871 909 silva
891 850 1052 930 gemmata
1070 840 1197 925 decore,

455 946 594 1020 Amnem
613 962 702 1021 trans
721 954 855 1023 fluvium
875 974 969 1043 quem
991 954 1102 1021 dicunt
1121 952 1254 1033 nominc
1271 951 1439 1042 Magnum,

417 1071 435 1121 C
456 1065 585 1133 Oceano
604 1074 636 1134 et
653 1067 755 1136 rellnc
774 1067 940 1157 pertusum
960 1085 1121 1135 marmore
1139 1077 1289 1154 pontum,

343 1172 362 1222 ’-
454 1177 505 1247 Ad
524 1199 621 1268 quam
640 1200 715 1249 mox
732 1199 902 1274 properare
922 1178 1046 1250 volunt.
1069 1179 1248 1248 lmmobilis
1269 1179 1324 1248 ille

456 1292 520 1361 Sed
540 1295 629 1362 nulla
647 1296 771 1366 ratione
788 1298 977 1386 nequiverat
995 1296 1071 1365 inde
1091 1295 1225 1378 moveri,

455 1408 579 1495 Donec,
599 1411 730 1479 veridici
749 1411 876 1481 monitu
895 1422 1002 1482 tactus
1019 1413 1101 1481 bene
1120 1413 1245 1500 Flatus,

456 1522 625 1592 Consensu
644 1524 775 1592 tandem
795 1536 961 1612 concepto,
982 1535 1087 1593 castra
1105 1524 1305 1613 relinquens,

456 1635 587 1724 lgnatas
606 1636 741 1705 rudibus
757 1637 886 1708 calcarit
901 1638 1072 1728 gressibus
1090 1637 1190 1726 algas.
1228 1697 1231 1702 .
1333 1695 1363 1700 ..
1448 1691 1452 1696 .

457 1743 554 1832 [Μ.
591 1769 673 1822 aaa
705 1758 754 1835 νο]
771 1754 843 1839 Ast,
863 1765 1007 1821 veterum
1029 1773 1067 1821 ex
1086 1753 1192 1837 dictis,
1213 1751 1241 1820 si
1262 1750 1342 1820 mira
1361 1748 1414 1820 bic
1431 1749 1543 1819 lecerit

457 1866 627 1935 Nescimus
646 1867 796 1960 omnium
817 1867 875 1936 sed
894 1889 966 1956 quae
984 1867 1090 1936 radice
1108 1877 1272 1956 tenentur,
1446 1873 1541 1954 [acta‚

457 1981 608 2070 Sculpare
626 1982 693 2051 sola
712 1984 842 2072 quidem
861 1994 894 2053 et
911 2004 1000 2052 nunc
1018 1983 1156 2053 condere
1176 1984 1258 2052 sacta
1277 1983 1461 2072 probamus.

684 2269 752 2338 XV.
774 2308 817 2322 -
836 2273 882 2338 De
900 2274 998 2338 muris
1017 2272 1107 2338 divisi
1126 2272 1273 2338 transitu.

502 2500 616 2568 Tarnis
632 2500 698 2588 jam
718 2499 796 2567 solis
815 2500 921 2588 fulgor
939 2500 1082 2568 radiatus
1102 2501 1134 2567 in
1154 2499 1243 2568 boris

458 2615 588 2682 Laxatis
607 2607 818 2682 velcx'lrenis
838 2615 986 2682 currebat
1005 2634 1175 2702 equorum,

459 2726 540 2795 Cum
560 2727 666 2795 subite
685 2727 817 2795 fratrum
839 2726 1036 2795 scandebant
1054 2721 1183 2815 agmina
1201 2726 1327 2794 collem.

459 2841 599 2909 Sanctus
617 2841 656 2909 ad
675 2843 736 2909 bos
755 2841 835 2908 dixit
856 2869 863 2908 :
889 2869 903 2902 a
925 2842 953 2908 N
957 2863 1018 2909 unc
1037 2841 1134 2909 vultis
1154 2860 1285 2930 pergere
1303 2839 1345 2928 ad
1363 2838 1450 2906 illam

459 2956 634 3041 Tellurem,
655 2955 788 3022 ssuvium
809 2956 893 3022 ultra
911 2955 1004 3023 vobis
1023 2976 1094 3043 quae
1109 2955 1212 3043 jacet?
1236 2982 1250 3015 »
1273 2953 1373 3024 Aiunt
1394 2981 1401 3020 :

377 3142 379 3146 ,
463 3095 476 3129 «
500 3069 554 3136 Sic
572 3079 628 3136 tua
646 3078 756 3135 noster
775 3068 835 3136 erit
854 3088 971 3136 sensus
989 3089 1060 3148 ceu,
1082 3079 1205 3153 sancte,
1225 3068 1385 3136 voluntas.
1409 3093 1424 3127 a

348 3241 365 3248 ,.
459 3182 517 3249 llle
535 3182 645 3267 debin‚
666 3181 770 3249 baculi
791 3202 947 3250 conversa
967 3180 1100 3270 cuspide
1119 3191 1256 3268 pontum

459 3295 613 3382 Perculit,
634 3306 730 3384 atque
749 3296 881 3384 globum
901 3295 1024 3364 socium
1045 3315 1100 3382 per
1120 3295 1213 3364 litora
1232 3295 1331 3363 ducit.

443 3409 562 3498 bissa,
582 3410 763 3478 alternatim
780 3411 904 3498 junctis
923 3409 1022 3477 sacris
1041 3410 1122 3476 bene
1142 3409 1275 3498 dextris,

459 3522 604 3592 Pendula
622 3523 780 3592 militibus
799 3515 931 3613 parebat
949 3525 1078 3613 lympha
1097 3523 1212 3593 beatis.
1294 3549 1297 3552 ·

277 3785 280 3789 ‘
383 3813 389 3838 ³
480 3805 563 3874 Xlll.
583 3843 622 3857 -
641 3809 722 3874 Item
740 3810 776 3874 de
794 3811 858 3875 situ
877 3809 1014 3892 ejusdem
1032 3809 1137 3875 lactet
1155 3810 1191 3875 de
1210 3827 1301 3893 aque
1314 3810 1474 3892 petitione

503 4037 561 4105 Est
580 4036 612 4105 in
633 4057 798 4106 secessum
817 4038 910 4105 vallis
930 4039 1103 4106 conclusus
1122 4057 1241 4126 opacus

458 4150 585 4236 Densae,
605 4151 684 4218 solis
702 4150 743 4218 ad
761 4160 881 4219 ertum
903 4150 964 4219 Hic
982 4151 1168 4238 perspicuus
1187 4150 1352 4239 paradisus

457 4265 607 4334 Floribus
624 4266 785 4334 vernidcis
805 4265 1014 4359 redolererat,
1035 4276 1130 4354 atque
1150 4266 1299 4355 benignis
1396 4271 1400 4277 '

351 4386 356 4421 ·’
459 4379 560 4470 [Μ.
585 4380 682 4472 aaa]
702 4383 774 4450 Una
792 4402 865 4450 curn
884 4381 981 4450 sociis
1000 4381 1065 4450 huc
1081 4381 1205 4450 delatus
1224 4380 1389 4450 habitavit.
1454 4405 1455 4408 ¹
