3459 5667
642 609 815 680 ..93-

206 748 268 817 Per
290 746 455 817 dexterum
479 746 597 837 quippe
620 768 784 839 prospere,
810 769 868 839 per
892 747 1058 819 sinistrum
1081 748 1293 838 designantur

162 863 309 934 aduersa.
329 864 415 958 Agni
444 884 520 934 vero
549 874 627 934 sunt
652 876 782 955 propter
805 864 1037 954 innocentiam,
1064 884 1141 934 oves
1165 883 1293 955 quoque
1362 883 1365 890 ·

162 989 293 1068 propter
310 976 605 1048 mansuetudinem.

206 1095 283 1164 Haec
308 1105 417 1164 eutem
444 1095 606 1186 promissa
633 1094 668 1163 in
696 1105 809 1165 sancto
836 1094 1046 1182 monasterio,
1073 1113 1093 1164 u
1120 1105 1232 1165 sancto
1260 1102 1293 1164 et

162 1229 239 1280 uero
265 1209 391 1279 medico
419 1227 622 1299 nequequam
649 1209 771 1299 repulsi
800 1209 858 1278 sed
885 1231 960 1280 cum
987 1228 1105 1300 magno
1133 1209 1292 1278 desiderio
1342 1205 1365 1275 5

161 1324 320 1411 advocati,
350 1323 474 1393 tamdiu
501 1334 710 1394 servaverunt
733 1323 840 1394 devoti
863 1324 1032 1415 quamdiu,
1059 1325 1198 1394 evolutis
1219 1325 1293 1393 vitae

162 1437 261 1527 hujus
278 1439 448 1508 curriculis
469 1439 645 1512 admodum
669 1438 793 1526 multis,
814 1438 855 1510 ud
878 1440 977 1509 vitum
1000 1448 1190 1510 meruerunt
1213 1457 1293 1508 eon-

162 1554 317 1626 soeudere
334 1564 533 1646 perpetum.

559 1888 734 1963 CAPUT
766 1886 902 1963 XXVI

164 2124 257 2203 Quod
270 2141 361 2189 nemo
375 2126 410 2188 io
423 2124 528 2189 eodem
542 2125 607 2191 loco
623 2133 747 2208 poterat
760 2128 855 2209 mori,
870 2133 898 2189 et
912 2125 949 2189 dc
962 2123 1099 2206 ejusdem
1113 2124 1171 2189 loci
1184 2139 1293 2188 senum

228 2248 343 2322 ropotu
359 2242 508 2324 motione,
528 2249 557 2306 ct
575 2241 611 2305 de
630 2241 772 2324 copclico
789 2247 819 2303 ct
836 2239 1006 2322 olleporico
1025 2239 1224 2304 allocutione.

206 2476 308 2568 [Μ.
332 2485 427 2563 ιω]
448 2479 512 2550 Sed
525 2490 633 2549 tumen
648 2479 723 2565 hoc,
739 2500 781 2549 ne
794 2497 950 2569 umquem
965 2477 1119 2548 oblivioni
1134 2477 1291 2565 trudatur,

162 2591 250 2681 quod
268 2613 364 2662 nemo
384 2594 417 2662 in
442 2594 584 2682 predicto
611 2594 682 2663 loco
706 2597 811 2683 potuit
833 2593 928 2682 mori,
955 2593 1012 2662 sed
1037 2601 1201 2661 senectute
1220 2611 1293 2682 gru·
1323 2593 1366 2663 10

161 2707 230 2776 vari
255 2708 354 2796 (mors
379 2709 466 2778 enim
490 2730 695 2800 nequaquam
719 2711 794 2779 illuc
817 2710 937 2779 intrare
960 2708 1216 2798 permittebatur,
1242 2725 1294 2774 se·

162 2832 277 2890 nectus
301 2833 408 2891 autem
432 2833 526 2892 aetnte
550 2824 743 2893 succedente
765 2824 866 2893 vetari
890 2843 955 2892 non
984 2822 1133 2910 valebat),
1159 2820 1237 2888 libet
1259 2819 1294 2888 in

161 2935 224 3003 hoc
248 2935 440 3005 interserere
464 2938 547 3006 loco.
572 2937 728 3019 Quemvis
753 2939 841 3006 enim
864 2957 931 3006 non
955 2937 1094 3004 multum
1119 2935 1217 3004 distat
1239 2933 1294 3001 ille

162 3047 253 3118 locus
275 3049 316 3118 ub
338 3070 376 3119 eo
400 3050 440 3118 in.
458 3071 522 3140 quo
547 3072 636 3121 nunc
661 3070 734 3120 ossa
759 3052 830 3140 ejus
858 3071 933 3120 cum
961 3049 1058 3120 sociis
1084 3057 1234 3138 pausant,
1262 3056 1295 3115 et

160 3182 244 3251 pene
263 3162 349 3231 idem
372 3164 438 3232 sint
462 3164 519 3232 sed
543 3163 635 3253 quasi
660 3164 829 3234 intervallo
852 3163 968 3252 lapidis
991 3162 1067 3252 J'ecti
1094 3163 1198 3250 posito
1225 3158 1293 3228 dis·
1323 3162 1367 3232 15

157 3275 276 3364 juncti,
297 3286 394 3365 atque
417 3277 572 3346 inunum
596 3278 693 3347 modo
716 3278 921 3366 circumsepti
943 3277 1021 3364 sint,
1044 3275 1161 3345 mutari
1185 3283 1293 3343 tumen

161 3410 295 3460 necesse
323 3391 395 3460 luit.
421 3394 550 3462 Fratres
572 3394 661 3462 enim
684 3394 836 3483 longaevi,
862 3395 959 3483 longo
978 3392 1158 3483 pergravari
1188 3390 1293 3476 senio,

158 3503 292 3573 dissolvi
313 3505 376 3574 isto
394 3507 482 3596 gravi
507 3528 641 3598 corpore
661 3509 729 3597 Jam
752 3508 919 3597 cupientes
941 3515 974 3576 et
997 3507 1142 3576 laborum
1162 3525 1295 3574 suorum

159 3619 222 3688 sihi
240 3620 375 3690 reddere
393 3623 513 3709 premia
533 3633 717 3713 poscentes,
733 3633 766 3693 et
784 3623 862 3712 quid
882 3642 976 3712 egere
996 3622 1149 3690 deberent
1167 3629 1296 3709 propter

159 3735 435 3824 ingravescentem
464 3748 495 3807 et
524 3738 719 3829 decrepitum
750 3738 852 3830 [lter.
881 3750 966 3807 ωε
993 3737 1046 3828 v0]
1075 3748 1200 3806 oetatem
1226 3738 1296 3826 jam
1322 3730 1368 3799 20

148 3849 356 3937 nescientes,
386 3862 561 3940 coegerunt
589 3852 681 3921 illum
709 3853 883 3921 transferre
910 3851 1077 3940 puululnm
1109 3851 1170 3919 loci
1196 3849 1295 3938 hujus

160 3962 294 4031 aediliciu
313 3973 345 4031 et
368 3965 621 4052 suppellectilem
649 3985 757 4034 secum
785 3974 912 4056 portare
938 3977 1051 4034 contra
1074 3963 1154 4033 solis
1172 3972 1294 4048 ortum,

160 4085 195 4145 et
211 4077 256 4145 ibi
276 4076 392 4145 deinde
415 4079 494 4145 citra
519 4078 596 4148 litus
622 4079 688 4168 ligi.
710 4079 772 4162 Qui
797 4078 917 4146 ibidem
943 4079 1048 4163 locus,
1073 4078 1141 4146 Deo
1164 4087 1292 4165 agente,

161 4193 301 4261 nobilior
328 4193 431 4263 luctus
460 4205 510 4262 est
537 4194 600 4261 alio
628 4194 815 4283 jamdicto.
842 4195 924 4262 Nam
951 4212 970 4262 a
993 4193 1168 4282 superioris
1196 4192 1297 4260 fontis

160 4305 257 4375 rivuli
277 4308 542 4397 superfundentis
560 4309 678 4378 haustu
698 4309 851 4398 irriguus,
869 4318 901 4377 et
915 4328 933 4379 a
948 4308 1086 4398 quodam
1101 4305 1294 4376 lucidissimi
1323 4297 1368 4368 25

162 4419 264 4492 fontis
278 4420 473 4492 hucliumine
486 4432 667 4512 gemmatus
685 4443 724 4493 ex
741 4423 904 4513 profundo
918 4432 1011 4494 terroe
1025 4422 1152 4493 noviter
1168 4434 1293 4512 erupto,
