3459 5667
543 937 719 1012 CAPUT
753 937 849 1012 XIV

125 1175 176 1243 Dc
193 1177 369 1258 psalmodio
385 1177 522 1260 ejusdcm
544 1180 658 1262 sancti,
684 1186 713 1243 ct
736 1178 820 1261 quod
843 1196 908 1242 nou
928 1177 1000 1260 jam
1024 1178 1114 1242 bobao
1138 1186 1261 1242 tuntum

173 1309 350 1375 corporeus,
369 1300 501 1375 propter
518 1294 735 1358 excellentiam
753 1293 891 1377 uirtutis,
913 1310 933 1356 o
951 1292 1057 1356 multis
1074 1292 1259 1377 putabatur,

173 1407 225 1470 sed
243 1407 386 1490 angelus.

176 1638 239 1706 Sed
257 1648 290 1707 et
308 1639 370 1708 hoc
388 1639 532 1729 ejusdem
551 1641 654 1708 sancti
677 1639 937 1728 frequentissime
961 1660 1043 1728 opus
1066 1638 1168 1708 luisse
1185 1658 1261 1708 nar-

127 1761 231 1819 ratur.
253 1752 335 1820 Cum
355 1763 533 1822 ceterorum
552 1755 647 1822 turba
674 1757 822 1843 inopere
846 1753 961 1843 quovis
980 1753 1187 1842 partiebatur,
1208 1752 1262 1820 illc

126 1864 219 1932 solus
238 1865 422 1955 frequenter
440 1867 576 1936 orationi
597 1867 725 1935 deditus
739 1867 969 1955 occupabatur,
985 1879 1040 1936 aut
1053 1887 1125 1935 cum
1138 1866 1261 1956 jejunio

126 1978 319 2048 mirabiliter
337 1993 472 2050 extenso
490 1994 546 2051 aut
564 1983 596 2050 iu
619 1982 786 2072 psallendo
805 2001 893 2048 nunc
912 1982 1049 2069 pedibus
1068 1981 1152 2066 fixis,
1174 2000 1262 2048 nunc

127 2095 268 2184 genibus
286 2096 390 2182 ueris,
406 2097 503 2164 modo
523 2096 673 2164 manibus
692 2095 856 2184 expansis.
876 2093 939 2162 Sed
959 2106 990 2163 et
1008 2094 1042 2160 in
1063 2094 1126 2161 fine
1146 2092 1262 2160 unius·
1310 2090 1333 2159 5

126 2210 286 2298 cujusque
300 2213 454 2299 psalterii,
470 2223 605 2281 centena
626 2233 680 2299 per
694 2211 841 2299 singulos
856 2211 924 2278 dies
943 2210 1112 2297 genuflexa
1125 2208 1261 2276 iaciebat

126 2331 163 2389 et
180 2323 314 2392 totidem
335 2347 390 2414 per
408 2327 538 2396 casdem
557 2336 681 2395 noctes.
699 2326 812 2394 Mundi
830 2325 1011 2413 despector,
1033 2324 1100 2390 caeli
1122 2331 1260 2408 amator,

127 2457 197 2504 non
221 2437 290 2525 jam
315 2441 413 2509 homo
440 2460 613 2528 corporeus
643 2439 835 2508 cernebatur
864 2438 921 2506 sed
950 2438 1126 2526 angelicus.
1158 2437 1263 2504 Deum

127 2571 258 2640 semper
285 2575 350 2622 non
379 2556 542 2644 corporeis
570 2555 627 2623 scd
650 2555 849 2643 spiritalibus
876 2554 979 2622 oculis
1002 2552 1110 2622 uidere
1134 2552 1261 2620 deside·

126 2664 234 2750 rabat,
258 2665 320 2756 [B,
344 2679 415 2737 rot.
437 2684 490 2738 aa
512 2666 566 2756 vo]
581 2678 691 2756 atque,
712 2667 888 2734 secuudum
910 2666 1104 2752 apostolum,
1125 2663 1258 2732 dissolvi
1290 2669 1333 2739 10

128 2786 164 2844 et
182 2797 252 2845 csso
267 2779 335 2866 jam
354 2801 429 2848 cum
451 2781 580 2849 Christo
599 2780 759 2868 cupiebat,
786 2789 882 2866 atque
900 2786 1008 2844 tamen
1028 2796 1157 2866 gregem
1178 2798 1256 2865 sup-

128 2891 325 2978 portandum
357 2914 422 2961 non
448 2893 616 2961 recusabat
642 2910 796 2980 spemque
825 2909 917 2958 suam
945 2889 979 2956 in
1012 2889 1100 2957 omni
1132 2890 1262 2978 nogotio

128 3004 259 3073 Christo
286 3006 518 3075 committebat.
545 3008 716 3094 Nunquam
740 3004 810 3094 ojus
834 3024 872 3072 os
898 3022 916 3071 a
945 3002 1144 3092 spiritalibus
1173 3004 1262 3071 ocio-

129 3140 206 3187 sum
237 3120 343 3188 uisum
375 3131 424 3189 est
454 3122 504 3189 vel
537 3140 684 3189 uacuum.
720 3119 811 3187 Multi
844 3118 942 3208 igitur
974 3118 1013 3185 ad
1046 3118 1138 3185 illum
1171 3117 1260 3201 caeci,

129 3232 222 3300 surdi
254 3247 349 3322 atque
376 3234 506 3322 leprosi,
538 3235 656 3317 claudi,
686 3232 850 3322 paralytici
881 3243 977 3320 atque
1006 3230 1199 3314 demoniaci,
1230 3239 1262 3298 et
1291 3233 1334 3303 15

128 3345 240 3413 omnia
272 3347 512 3430 infirmitatum,
546 3348 747 3415 debilitatum
785 3365 903 3435 genera
934 3344 1168 3413 deferebantur.
1200 3343 1263 3412 Sed

129 3480 258 3547 omnes,
279 3482 337 3551 spe
355 3481 414 3530 sua
427 3482 493 3530 non
508 3461 666 3547 frustrati,
687 3461 836 3530 redibant
854 3461 895 3527 ab
913 3460 969 3528 illo
988 3459 1102 3528 curati.
1118 3459 1188 3527 lam
1207 3480 1265 3548 por

128 3594 261 3642 omnem
275 3576 450 3644 Britanniae
469 3577 634 3665 regionem
649 3576 744 3664 louge
764 3575 892 3663 lateque
907 3573 1129 3642 celebrabatur
1144 3593 1262 3642 nomon

129 3689 201 3778 ejus
219 3711 291 3758 cum
311 3691 447 3771 meritis,
468 3693 560 3782 cujus
583 3693 711 3778 uultum
735 3701 889 3782 tanquam
908 3691 1014 3780 angeli
1039 3690 1263 3778 splendentem

128 3801 175 3869 ita
194 3803 302 3871 cuncti
326 3804 512 3873 nitebantur
530 3804 752 3893 contemplari.
773 3806 815 3872 Et
830 3805 897 3893 jam
916 3825 983 3872 non
1009 3803 1187 3872 monachus
1205 3821 1262 3892 ap·
1289 3810 1335 3880 20
1374 3805 1376 3810 '

117 3914 319 4006 pellabatur,
339 3916 397 3986 sed
415 3918 550 4006 angelus
567 3918 653 3988 inter
671 3917 819 3987 homines
837 3927 1058 3988 conversatus.

213 4162 281 4232 Hac
300 4173 406 4234 autem
428 4165 494 4237 VII
508 4167 646 4251 66611616
666 4185 735 4252 quo
751 4176 930 4252 sequautur
945 4187 1003 4254 per
1021 4170 1178 4236 heroicum

480 4292 615 4350 metrum
633 4294 708 4350 suat
725 4287 907 4368 composito.
