3459 5667
939 557 1136 630 ..reſs

865 903 1039 987 CAPUT
1071 910 1183 985 XVII

698 1150 778 1220 Item
795 1152 832 1217 do
850 1151 987 1235 ejusdcm
1004 1153 1132 1219 visionis
1150 1153 1352 1235 conpositione.

507 1398 603 1475 [not.
622 1408 680 1462 no
701 1396 749 1473 νο]
778 1392 860 1460 Cum
887 1401 996 1460 autem
1023 1393 1093 1460 haec
1119 1411 1195 1481 erga
1217 1390 1373 1461 rusticum
1398 1392 1589 1481 agebantur,

460 1505 551 1575 solus
569 1504 604 1572 in
629 1504 768 1573 oratorio
793 1504 964 1573 nocturnis
986 1506 1095 1594 quiete
1117 1505 1166 1574 uir
1188 1505 1247 1574 Dei
1270 1507 1440 1574 tenebatur
1456 1505 1588 1595 vigiliis.

461 1617 547 1700 Quid
565 1637 640 1707 ergo
659 1617 803 1687 dicemus
821 1618 861 1686 ad
881 1619 969 1687 baec?
986 1620 1037 1687 An
1054 1619 1121 1707 ille,
1138 1620 1194 1709 qui
1212 1620 1303 1689 solus
1318 1620 1423 1689 adbuc
1440 1638 1591 1710 corpora-

461 1730 502 1801 lis
522 1730 556 1798 in
576 1731 715 1799 oratorio
734 1731 851 1817 stabat,
872 1732 982 1799 statim
1006 1740 1043 1799 ut
1066 1731 1269 1801 invocaretur
1287 1734 1456 1821 excitatus,
1476 1754 1592 1824 corpo-

412 1844 435 1914 5
462 1846 571 1914 naliter
589 1846 685 1913 anxio
708 1845 742 1914 in
765 1844 972 1914 tribulatione
989 1846 1094 1934 posito
1113 1846 1285 1933 videndus,
1306 1848 1347 1915 ad
1366 1848 1535 1935 rusticum,
1556 1858 1592 1917 ut

460 1960 593 2028 Abacuc
619 1958 660 2027 ad
688 1958 854 2027 Danielem
873 1959 924 2027 uel
942 1959 1110 2048 Philippus
1128 1959 1169 2027 ad
1187 1961 1395 2046 Eunuchum,
1415 1962 1592 2030 translatus

461 2074 524 2143 sit?
551 2076 603 2142 An
631 2074 751 2162 potius,
781 2094 914 2164 corpore
941 2074 1029 2163 gravi
1053 2074 1261 2143 immobiliter
1286 2083 1450 2163 manente,
1477 2076 1592 2166 spiritu

462 2192 580 2259 ductus
598 2189 695 2258 fuerit
713 2190 796 2258 sicut
813 2189 1020 2257 beatissimus
1039 2190 1203 2258 Jobannes
1221 2191 1385 2279 apostolus
1403 2201 1436 2259 et
1453 2210 1592 2279 evange-

463 2304 551 2389 lista,
579 2303 647 2392 qui,
677 2324 752 2371 cum
780 2303 929 2371 reclusus
955 2303 1068 2371 fuisset
1096 2303 1130 2371 in
1154 2305 1290 2373 Patbmo
1320 2304 1438 2391 insula,
1463 2315 1592 2394 propter

392 2424 437 2492 10
463 2416 553 2485 verbi
568 2414 626 2484 Dei
641 2416 967 2484 amministrationem
986 2416 1086 2485 fuisse
1105 2437 1141 2485 se
1159 2416 1193 2484 in
1213 2418 1328 2505 spiritu
1346 2418 1523 2487 testabatur
1540 2417 1592 2485 di·

463 2552 561 2600 cens:
579 2558 592 2593 o
608 2531 668 2599 Fui
683 2530 716 2597 in
731 2531 845 2619 spiritu
860 2530 893 2598 ln
909 2529 961 2597 die
975 2529 1159 2599 dominico?
1172 2560 1186 2592 a
1200 2532 1315 2600 Utrum
1330 2540 1362 2600 et
1376 2532 1524 2620 angelus,
1536 2530 1592 2620 qui

464 2646 495 2714 ei
507 2645 717 2714 custodiendo
732 2644 876 2713 inbonis
892 2664 1021 2733 semper
1035 2644 1159 2713 actibus
1173 2644 1344 2733 deputatus
1357 2646 1473 2731 fuerat,
1489 2644 1592 2734 effigie

463 2758 568 2827 eidem
586 2758 751 2827 simillima
769 2778 808 2826 ex
826 2776 900 2827 aare
913 2768 1054 2847 sumpta,
1070 2758 1171 2849 [not.
1193 2765 1263 2843 na]
1278 2761 1464 2848 apparuisse
1482 2760 1592 2829 dicen-

464 2872 527 2942 dus
554 2872 623 2941 esti
650 2872 732 2941 Nam
760 2873 897 2961 legimus
916 2874 950 2941 in
972 2874 1108 2942 Actibus
1128 2875 1363 2962 apostolorum,
1388 2875 1482 2944 beato
1500 2875 1593 2944 Petro

395 2993 438 3063 15
464 2986 610 3076 apostolo
629 2986 669 3055 de
692 2987 874 3075 periculoso
898 3005 1023 3055 carcere
1048 3008 1105 3077 per
1130 2989 1282 3078 angelum
1305 2989 1433 3076 educto,
1453 2983 1610 3077 primum

465 3099 624 3190 quosdam
651 3100 813 3168 fantasma
843 3120 927 3185 esse,
947 3109 1080 3169 caeteros
1107 3120 1184 3169 vero
1202 3120 1409 3191 nequaquam
1439 3102 1496 3169 sed
1524 3102 1595 3191 ejus

466 3217 617 3304 angelum
637 3225 777 3303 putasse.
798 3216 868 3284 Hoc
889 3216 978 3284 enim
996 3236 1199 3306 nequaquam
1219 3217 1375 3303 dicerent,
1396 3216 1423 3286 si
1442 3235 1518 3285 enm
1536 3215 1594 3280 ba-

467 3329 543 3397 bere
565 3328 715 3418 angelum
742 3349 800 3417 pro
827 3338 915 3398 certo
940 3330 1102 3398 nescirent
1121 3340 1153 3399 et
1172 3330 1320 3419 quaedam
1339 3330 1484 3418 quidem,
1503 3328 1594 3417 quasi

468 3462 526 3533 per
543 3442 650 3531 ipsum
669 3441 833 3510 bominem
852 3443 918 3511 acsi
941 3444 1075 3512 omnino
1095 3444 1293 3512 nescientem
1316 3444 1366 3513 uel
1386 3452 1472 3511 certe
1490 3441 1594 3511 scien·

397 3563 443 3631 ab
469 3570 546 3646 tem,
567 3558 752 3627 ministrare
777 3569 940 3647 putarent,
962 3559 1023 3628 boc
1047 3560 1215 3649 bonejam
1237 3560 1322 3629 docti
1340 3558 1504 3628 dominico
1527 3576 1594 3626 ser-

467 3697 565 3746 mone
585 3704 593 3746 :
619 3704 633 3738 n
654 3676 771 3767 Angeli
790 3697 902 3746 eorum
922 3677 1048 3766 semper
1066 3678 1177 3746 vident
1195 3678 1310 3748 faciem
1328 3678 1444 3747 Patris.
1467 3705 1483 3739 a

512 3789 572 3859 llis
591 3787 690 3879 igitur
707 3808 726 3857 a
745 3790 840 3859 nobis
859 3791 963 3859 tribus
981 3791 1171 3879 propositis,
1191 3791 1360 3860 ueniamus
1377 3790 1418 3859 ad
1436 3792 1499 3859 boc
1511 3789 1598 3879 quod

468 3904 551 3973 forte
569 3924 680 3973 verum
699 3925 772 3973 esse
791 3905 1002 3993 aestimamus,
1023 3905 1084 3974 boc
1102 3915 1151 3975 est
1169 3905 1263 3973 illum
1280 3916 1366 3975 certe
1388 3904 1503 3993 spiritu
1518 3902 1598 3971 duc-

468 4028 539 4087 tum
557 4019 668 4089 fuisse.
686 4021 720 4090 si
741 4020 829 4089 enim
843 4020 905 4089 hoc
919 4021 1126 4108 corporaliter
1144 4020 1351 4089 transductus
1368 4020 1499 4109 egisset,
1519 4038 1599 4086 con-

398 4132 443 4202 25
469 4133 553 4201 fiteri
577 4135 713 4203 forsitan
732 4135 819 4225 quod
845 4136 876 4204 ei
903 4135 1087 4225 suggeritur
1104 4154 1171 4203 non
1191 4135 1406 4203 erubesceret.
1431 4132 1468 4203 Si
1491 4142 1600 4201 antem

468 4247 604 4336 angelus
621 4248 704 4337 ejus,
725 4250 872 4337 quamvis
889 4248 1116 4339 imaginaliter,
1136 4248 1199 4317 hoc
1217 4248 1343 4336 fecisse,
1363 4248 1434 4337 ipso
1452 4244 1598 4336 absente,

469 4367 568 4446 [not.
581 4377 635 4432 aa
659 4367 709 4447 πο]
723 4362 904 4435 credendus
917 4372 1015 4462 essct,
1031 4364 1093 4433 hoc
1105 4382 1224 4453 negare
1237 4361 1409 4433 confestim
1422 4361 1598 4452 rideretur,
