3459 5667
454 803 542 862 Hune
555 804 666 861 nostrae
679 797 718 860 ad
732 796 859 861 modicae
874 797 973 860 invito
987 796 1131 861 convivia
1143 813 1270 873 mensae3

452 934 489 995 Et
503 930 557 1013 qui
572 932 653 995 clara
668 930 734 993 sine
747 932 817 996 fietu
832 930 898 994 vult
913 929 1043 993 condere
1057 927 1148 1005 faeta,

453 1061 590 1142 Explosis
603 1060 724 1141 penitus
739 1060 819 1123 notis
834 1068 863 1124 et
877 1059 1056 1136 rusticitate,

452 1196 562 1255 Nostro
578 1192 715 1274 degustet
729 1191 856 1257 devotus
870 1201 996 1275 pectora
1009 1179 1121 1268 musto,

405 1308 428 1375 5
452 1325 548 1401 Atque
561 1338 616 1401 per
630 1320 793 1402 egregiam,
811 1321 953 1385 seductus
966 1338 1102 1398 munere,
1120 1327 1240 1401 portam

453 1448 601 1513 inducens
616 1451 703 1527 alios,
721 1450 827 1515 doetus
842 1452 882 1515 sit
897 1451 1005 1515 ductor
1018 1449 1187 1514 habendus.

453 1581 523 1639 flaee
536 1576 656 1642 fuerant
670 1575 764 1640 denso
778 1586 915 1642 veterum
931 1578 1084 1642 velamine
1099 1585 1190 1653 terta,

453 1708 551 1785 [noi.
570 1714 595 1766 4
605 1680 607 1684 V
619 1709 668 1785 νο]
683 1706 845 1770 Lucidiora
859 1707 958 1771 nitent
972 1706 1026 1771 sed
1039 1715 1143 1769 nestro
1157 1704 1281 1769 condita
1294 1704 1418 1787 scripto.

452 1838 531 1915 Ergo
546 1836 603 1900 rite
615 1854 704 1899 suum
719 1836 838 1899 Christo
853 1835 990 1898 dicemus
1004 1835 1161 1911 honorem,

384 1958 427 2027 10
452 1968 537 2031 Talia
551 1968 604 2050 qui
619 1967 708 2032 nohis
723 1970 787 2033 haee
799 1987 928 2032 munera
941 1968 1079 2031 tradidit.
1096 1973 1191 2050 Atque

452 2101 577 2182 Largius
591 2101 656 2182 ipse
670 2120 737 2164 mea
751 2100 895 2182 dignetur
907 2102 1025 2167 soluere
1038 2100 1131 2166 corda

453 2235 589 2300 Reddere
603 2236 739 2301 mirificae
754 2238 850 2301 claras
865 2237 925 2299 sihi
939 2254 1065 2300 munere
1079 2236 1193 2315 linguae

453 2374 593 2433 Summus
606 2370 639 2432 in
654 2369 785 2432 aetherea
797 2367 903 2431 laudes
917 2368 970 2449 qui
984 2366 1117 2447 presidet
1131 2383 1210 2441 aree,

452 2497 573 2561 Arbiter
587 2498 695 2561 excelsi
710 2505 847 2577 perstans
861 2496 895 2559 in
909 2496 1023 2559 vertice
1038 2494 1115 2570 caeli,

385 2612 428 2682 15
453 2628 623 2690 innumeris
637 2636 738 2709 septus
752 2634 924 2690 sanctorum
939 2626 1071 2706 pleniter
1085 2622 1174 2701 aulis,

452 2764 513 2822 Rex
526 2759 581 2842 qui
594 2758 732 2822 mirificis
745 2750 901 2840 perfulget
911 2754 1090 2840 splendidus
1104 2750 1210 2818 astris!
