3459 5667
650 614 825 685 ..49-

211 753 255 821 At
274 772 402 823 senex:
428 778 443 815 t
465 753 581 823 Divina
599 755 668 825 haec
687 754 839 826 revelatio
859 762 922 843 est,
942 774 1009 824 uon
1029 754 1102 823 licta
1118 751 1298 842 temptatio.

166 867 255 954 Noli,
274 869 332 957 ait,
353 868 480 955 timere,
502 869 559 939 sed
578 871 674 959 vade3
696 871 796 940 nichil
814 871 872 940 diu
891 880 1080 958 retractans,
1101 870 1201 959 imple
1219 867 1302 939 divi-

168 1001 250 1050 num
273 982 462 1051 mandatum
487 984 573 1071 quod
598 984 655 1052 tihi
679 1005 735 1072 per
763 994 911 1053 sanctum
940 984 1045 1053 virum
1071 981 1302 1051 transmissum

169 1107 231 1165 est.
261 1124 276 1157 a
306 1097 347 1165 Et
375 1098 515 1166 multum
544 1097 666 1167 dellens
689 1099 805 1187 adjecit
824 1100 936 1168 dicens
958 1129 966 1167 ι
991 1127 1005 1160 a
1028 1096 1098 1166 Tibi
1118 1097 1201 1166 daho
1220 1115 1303 1184 quos

169 1209 270 1277 michi
289 1208 419 1279 dederat
436 1212 536 1299 Deus,
557 1211 709 1281 undecim
729 1213 917 1301 discipulos,
937 1212 1024 1281 viros
1042 1221 1167 1302 postte
1185 1229 1304 1279 secun·
1335 1207 1374 1275 .5

170 1322 248 1391 dum
275 1344 330 1393 cor
355 1344 477 1413 mcum,
502 1325 537 1393 in
560 1326 649 1393 omni
677 1347 773 1415 opere
789 1326 847 1395 Dei
867 1326 1117 1415 promtissimus.
1138 1327 1180 1393 Et
1200 1345 1302 1412 nunc,

170 1448 245 1526 post
272 1459 344 1524 vos,
370 1440 469 1511 miser
497 1440 611 1529 ignoro
634 1439 713 1529 quid
737 1441 867 1530 eligam,
894 1440 977 1509 mori
1001 1460 1044 1509 an
1067 1441 1187 1510 rivere.
1213 1439 1305 1508 Felix

171 1554 283 1638 tellus,
308 1555 674 1645 [001.00]0100000
698 1556 970 1644 splendidissimae
995 1556 1162 1625 mittimini
1187 1555 1303 1642 stellae,

171 1666 347 1735 maximam
360 1668 497 1757 singulae
508 1669 704 1739 sufficientes
717 1670 825 1759 magni
836 1669 952 1738 muudi
966 1669 1152 1739 illuminare
1166 1679 1302 1757 partem.

172 1780 288 1849 Infelix
306 1791 413 1851 autem
432 1793 508 1853 ante
526 1784 607 1853 alias
628 1805 713 1874 quae,
734 1795 906 1873 postquam
935 1785 1090 1855 enutrivit
1120 1803 1191 1870 vos,
1212 1782 1305 1873 quasi
1334 1776 1377 1845 10

174 1904 277 1964 mater
300 1898 410 1967 orbata
429 1899 618 1986 spoliatura
637 1900 739 1969 vohis.
761 1901 942 1988 spoliatum
961 1921 1038 1989 crgo
1056 1908 1201 1969 uestrum
1220 1898 1307 1987 quod

174 2010 237 2079 luit
254 2012 439 2101 relinquitis
457 2014 688 2084 monasterium
708 2025 740 2083 et
758 2016 931 2104 meipsum,
948 2016 1015 2105 jam
1031 2015 1197 2085 decliviori
1214 2023 1308 2083 aetate

175 2128 390 2216 squalentem,
408 2130 569 2216 orbatum,
586 2131 746 2200 consolari
760 2149 779 2199 a
793 2132 924 2200 nemine
941 2141 1156 2218 recepturum.
1174 2130 1310 2218 »Atque

175 2261 440 2331 unumquemque
467 2263 507 2311 ex
530 2244 681 2313 undecim
704 2254 777 2333 post
799 2255 947 2313 sanctum
975 2243 1228 2329 Uuinualoeum,
1257 2241 1310 2308 in·

176 2354 274 2423 sertis
291 2355 331 2423 ah
350 2356 488 2425 invicem
504 2357 631 2426 duobus
644 2357 796 2445 brachiis,
813 2378 888 2425 cum
902 2356 999 2427 corde
1012 2375 1073 2427 000
1087 2356 1307 2446 complexans,
1336 2352 1379 2422 15

177 2468 252 2537 1010
271 2472 503 2539 amantissimae
522 2473 611 2561 pacis
629 2493 704 2541 cum
723 2472 865 2541 lacrimis
884 2472 996 2542 000010
1018 2498 1027 2541 2

225 2583 393 2653 «Gaudeo
423 2595 545 2671 tamen,
575 2586 693 2674 inquit,
723 2595 852 2674 propter
885 2585 971 2675 quod
998 2606 1056 2654 vos
1082 2586 1171 2655 Deus
1197 2586 1307 2675 elegit,

177 2695 253 2765 licet
271 2696 370 2765 michi
390 2697 498 2767 suhito
522 2699 658 2767 carnalis
676 2700 760 2767 hanc
779 2699 910 2787 quidem
928 2698 1106 2767 mesticiam
1124 2709 1310 2787 suggereret

179 2810 323 2880 allectus.
345 2811 468 2898 Valete,
490 2812 604 2900 valete,
624 2831 734 2901 pacem
754 2811 882 2881 hahetc.
904 2811 985 2893 Quis
1004 2812 1092 2881 enim
1116 2822 1182 2880 tam
1201 2813 1309 2881 haehes

179 2926 224 2997 ita
251 2928 329 2997 velit
355 2928 415 2996 Dei
439 2928 589 2997 resistere
610 2927 781 3014 voluntati,
803 2947 878 2995 curn
903 2926 1003 2995 nichil
1032 2946 1051 2997 0
1074 2948 1110 2996 00
1128 2927 1205 2995 honi
1233 2946 1309 3015 pos·
1334 2920 1380 2990 20

180 3042 234 3128 sit,
255 3041 313 3111 sed
342 3042 411 3130 ipse
436 3042 592 3111 Summus
614 3061 654 3109 ex
676 3040 875 3109 abundantia
898 3040 1051 3109 honitatis
1075 3048 1172 3123 [001.
1188 3056 1240 3111 su
1258 3047 1309 3125 vr]

181 3178 249 3226 suae
273 3158 368 3226 corda
393 3158 617 3227 adherentium
645 3156 715 3246 ejus
743 3156 940 3226 testimoniis
964 3156 1065 3245 replet
1092 3156 1188 3225 honis
1217 3182 1225 3225 :
1254 3154 1309 3245 qui

181 3283 354 3363 antequam
377 3273 533 3362 incipiant
555 3274 624 3364 lpse
650 3273 809 3361 accendit,
835 3284 868 3343 et
891 3293 965 3342 cum
988 3272 1171 3342 accenderit
1193 3271 1310 3358 nutrit,

182 3398 315 3458 etcum
342 3388 492 3458 nutrierit
514 3388 665 3459 custodit.
691 3390 805 3457 Pacem
835 3387 1020 3477 intervos,
1050 3388 1215 3457 caritatem
1243 3407 1311 3456 non

181 3504 452 3593 derelinquentes,
481 3503 607 3573 habete.
633 3501 740 3571 Nichil
761 3502 860 3591 igitur
882 3502 924 3571 de
946 3501 999 3571 his
1026 3500 1145 3590 quihus
1168 3500 1266 3581 homo
1289 3518 1310 3569 a
1335 3491 1381 3562 25

182 3620 250 3688 Deo
278 3617 466 3707 prohibetur
493 3618 527 3685 in
553 3628 640 3689 terra
664 3617 876 3687 sollicitantes
900 3617 987 3705 (nam
1013 3626 1047 3686 et
1072 3616 1140 3705 ipsc
1168 3616 1224 3705 qui
1253 3635 1312 3685 vos
1363 3630 1369 3646 '

182 3733 313 3822 creavit,
339 3734 367 3803 si
395 3742 510 3803 vestrae
532 3733 579 3801 illi
602 3732 782 3821 placuerint
805 3733 877 3821 viae,
903 3741 1019 3801 cuncta
1044 3732 1137 3802 vohis
1159 3730 1314 3821 prestabit

182 3852 364 3939 oportuna),
388 3850 518 3919 lectioni
548 3870 622 3919 cnm
647 3849 892 3918 humilitate-
916 3848 1052 3937 nequis
1072 3856 1313 3936 proptersuam

183 3964 353 4033 scientiam
372 3964 514 4050 indetur,
534 3982 631 4053 quam
650 3984 717 4033 non
741 3981 760 4031 0
783 3982 818 4031 00
837 3961 894 4031 001
913 3979 932 4029 0
950 3963 1018 4030 Deo
1037 3962 1098 4030 sihi
1119 3961 1227 4030 datam
1245 3979 1314 4029 uon

183 4080 320 4163 nesciat,
345 4116 388 4129 --
411 4084 533 4147 vacate.
555 4078 651 4166 Operi
674 4096 830 4147 manuum
848 4096 923 4144 cum
942 4074 1048 4144 cordis
1065 4074 1259 4144 contritione
1282 4083 1315 4143 et
1339 4065 1383 4136 30

184 4191 423 4282 humiliatione,
444 4213 486 4263 00
504 4193 578 4283 quis
596 4214 635 4263 cx
653 4204 721 4263 arte
741 4211 800 4263 000
817 4194 997 4260 humanum
1016 4201 1137 4281 quaenat
1156 4191 1312 4277 favorem,
1366 4206 1371 4257 3

185 4305 356 4397 inservite3
377 4328 482 4397 neque
500 4307 711 4398 dupliciorem
730 4308 806 4378 inde
824 4308 946 4377 ambiat
963 4308 1122 4377 honorem
1140 4326 1239 4396 quam
1256 4304 1314 4375 ille

186 4420 242 4510 qui
260 4422 375 4493 nescit.
394 4422 582 4493 Numidam
600 4422 700 4514 Deus,
720 4422 775 4513 qui
794 4431 945 4512 operatur
962 4421 1073 4493 omnia
1090 4420 1125 4489 in
1144 4418 1313 4508 omnihus,

1156 4542 1173 4590 4
1190 4574 1192 4579 .
