3459 5667
926 573 1124 642 -lto-

502 709 676 799 Angelicos
695 709 769 780 istic
787 709 863 801 quia
882 715 1090 803 conspexisse
1110 715 1256 784 seruntur

504 824 716 915 Conspectus,
736 844 831 894 roseo
849 827 969 895 tinctos
987 848 1061 897 cum
1080 839 1169 897 reste
1187 829 1294 897 colore

499 936 662 1026 Preclaro,
683 939 777 1008 nivea
795 939 905 1028 bysso,
926 961 1085 1030 coccoque
1103 953 1238 1011 retexta.

497 1050 586 1120 hlors
604 1053 724 1121 etenim
742 1073 877 1142 regnare
895 1056 1048 1144 nequibat
1067 1057 1122 1123 lux
1140 1056 1195 1124 ubi
1215 1074 1355 1145 regnans

398 1168 406 1216 Γ
499 1166 673 1235 Permanet
691 1167 788 1255 alma,
808 1170 884 1258 quia
902 1169 956 1237 hic
974 1170 1031 1258 qui
1051 1169 1258 1258 conspexisse
1278 1171 1420 1240 latentur

497 1281 670 1370 Angelicos
688 1283 797 1352 vultus
816 1305 882 1351 non
903 1285 1021 1354 desunt
1042 1298 1184 1372 ternpore
1204 1287 1321 1374 prisco.

499 1395 600 1486 [hol.
625 1397 723 1488 aaa]
743 1400 869 1468 Exhinc
887 1421 963 1488 ergo
982 1422 1078 1469 senes
1096 1404 1254 1490 cogebant
1272 1403 1385 1470 tollere
1404 1411 1509 1471 castra

497 1513 583 1581 Haut
602 1515 710 1603 longe,
730 1525 853 1583 extorta
871 1515 930 1582 sed
947 1526 1105 1604 quantum
1125 1515 1248 1585 findere
1267 1516 1366 1586 funda

498 1628 649 1698 Calculus
668 1631 751 1698 aeris
769 1631 830 1699 hoc
849 1632 989 1719 spatium
1008 1632 1159 1700 detrusus
1178 1631 1321 1701 habebit.

497 1743 558 1812 Hic
576 1743 692 1812 iterum
712 1763 796 1812 nora
814 1745 910 1833 ligere
929 1756 1033 1814 castra
1052 1757 1083 1814 et
1103 1747 1240 1840 condere
1260 1748 1376 1835 placat,

497 1855 575 1926 lstic
592 1869 686 1946 atque
704 1879 808 1926 novus
826 1861 1063 1947 contemplatur
1081 1861 1263 1949 paradisus,

432 2036 436 2045 .
496 1972 544 2039 Ex
564 1972 654 2040 suavi
674 1972 772 2061 prisci
791 1972 859 2041 riro
879 1972 1042 2062 fontisque
1060 1974 1181 2042 novelli

496 2084 625 2152 Diluvio
645 2085 736 2153 lusus
752 2086 854 2172 claro,
877 2087 930 2155 hic
948 2108 1025 2175 ergo
1044 2107 1235 2176 responsum

495 2198 687 2286 Angelicum
707 2200 811 2287 primo
831 2211 973 2269 maturas
992 2201 1131 2270 condere
1151 2222 1286 2286 messes,

495 2314 603 2402 Atque
622 2334 724 2382 nouos
743 2316 876 2402 pulchra
895 2317 1050 2384 messoris
1069 2316 1149 2385 salce
1168 2316 1329 2404 maniplos

497 2425 655 2516 Colligere
673 2428 749 2496 hinc
767 2428 892 2513 habuit,
913 2438 1074 2497 transacto
1092 2429 1157 2497 line
1176 2429 1314 2518 pruinae,

459 2560 463 2575 ·
496 2544 605 2613 Laetus
623 2544 679 2612 ubi
697 2544 835 2635 agricola
853 2566 927 2613 cum
947 2545 1029 2614 laetis
1047 2545 1166 2634 gaudet
1184 2545 1308 2615 amicis.

675 2856 792 2950 XXVI.
815 2895 854 2908 -
876 2860 922 2924 Dc
940 2862 1070 2925 muliere
1088 2863 1212 2926 cecitate
1231 2868 1347 2942 erepto.

540 3127 625 3195 Haut
644 3125 701 3194 tihi
720 3144 816 3215 parua
835 3126 937 3213 salus,
958 3125 1035 3193 dum
1059 3126 1127 3193 haec
1149 3125 1287 3213 plurima
1310 3125 1392 3194 mira
1411 3133 1575 3214 geruntur,

495 3240 621 3324 Mulier,
642 3239 748 3308 subito
768 3238 819 3306 cui
839 3239 962 3305 lumina
980 3248 1071 3325 rapta
1089 3237 1232 3306 luerunt.

398 3443 403 3451 ,
496 3355 642 3425 Pulcrior
660 3355 771 3424 electis
790 3372 865 3422 nam
886 3353 963 3421 dum
983 3353 1134 3421 comitata
1154 3353 1293 3441 choreis,

496 3469 537 3536 Et
555 3467 647 3535 miris
665 3467 776 3535 formae
795 3465 907 3534 nitidae
925 3464 1086 3533 ditissima
1105 3465 1242 3553 gemmis

494 3580 634 3666 incedis,
654 3571 783 3650 Domini
804 3581 964 3671 presentis
983 3581 1053 3649 dira
1072 3580 1211 3669 flagella,

496 3695 563 3764 Nec
580 3694 711 3782 frustra,
732 3696 862 3763 Domini
884 3696 985 3765 flectis
1004 3695 1065 3764 sub
1083 3696 1215 3763 verbere
1235 3693 1367 3768 Christi.
1454 3763 1460 3767 .

494 3811 630 3880 Diuitias
649 3812 736 3900 large
754 3820 869 3880 tenues
887 3810 1054 3899 appendis,
1076 3822 1113 3878 ut
1131 3810 1218 3899 ipsas

496 3925 596 4017 [Eoi.
621 3943 700 3995 m
725 3927 778 4014 vr]
797 3927 884 3994 luter
898 3925 1106 3994 Christicolas
1126 3925 1232 4012 capias
1246 3925 1316 3993 sine
1335 3923 1399 3991 fine
1413 3938 1576 4012 repensae,

494 4039 566 4121 Quo
584 4037 742 4114 luxalma
761 4037 858 4127 viget,
880 4059 943 4127 quo
963 4037 1081 4106 summi
1102 4037 1205 4127 gratia
1224 4036 1357 4124 Christi,

493 4154 627 4223 AEterno
646 4174 765 4222 vernus
785 4154 839 4221 nbi
858 4153 960 4241 fulget
979 4153 1046 4222 sole
1065 4153 1205 4221 refulsus

494 4268 636 4357 Campus
654 4267 849 4355 conspicuus
869 4277 901 4335 et
918 4265 1033 4334 florino
1052 4259 1150 4335 odore
1169 4263 1323 4355 repletus.

494 4382 580 4453 Orba
598 4383 729 4471 quidem
748 4381 884 4469 mundo,
906 4380 961 4450 sed
982 4402 1049 4450 non
1069 4401 1105 4451 es
1124 4381 1247 4450 lumine
1265 4400 1359 4465 rero;
