3459 5667
625 943 791 1020 CAPUT
822 943 921 1020 VIII

268 1185 316 1253 De
332 1185 556 1269 fantasmatico
573 1185 688 1252 diodoli
705 1186 938 1252 machinatione
955 1192 1066 1252 contro
1083 1187 1190 1254 otram
1208 1186 1280 1271 Dei,
1366 1197 1369 1202 '

478 1308 507 1366 ct
525 1301 679 1384 quomodo
697 1302 738 1368 od
756 1302 811 1366 illo
829 1308 994 1384 soporatus
1012 1303 1063 1368 stt.

251 1543 338 1611 luter
364 1543 433 1612 haee
459 1553 567 1614 autem
594 1536 683 1612 tanta
710 1552 742 1612 et
769 1543 970 1613 ammirando
997 1543 1169 1631 mirabilia,
1198 1545 1337 1636 quadam

206 1666 314 1740 nocte,
329 1656 407 1724 dum
426 1657 518 1726 solus
535 1657 569 1724 io
589 1657 729 1726 oratorio
742 1657 865 1743 orabat,
882 1657 1030 1747 apparuit
1044 1658 1205 1747 quoddam
1221 1659 1336 1749 ingens

205 1769 404 1837 teterrimum
417 1779 513 1858 atque
527 1770 722 1838 horrendum
736 1780 932 1856 monstrum,
945 1771 1085 1859 maligna
1098 1773 1337 1841 machinatione

205 1884 328 1951 lictum.
355 1885 432 1951 Erat
455 1884 563 1971 itaque
583 1883 746 1971 quoddam
771 1884 1059 1969 deformissimum,
1079 1885 1170 1972 quasi
1190 1884 1336 1974 quaedam

206 1998 312 2085 imago
330 1997 415 2065 ferro
434 2006 466 2064 et
480 1998 614 2085 iuligine
628 1997 776 2083 conficta,
794 1984 913 2084 plumis
927 2004 1075 2064 contexta
1088 1997 1264 2085 fuligineis,
1280 2017 1337 2087 pe·
1386 2003 1409 2076 5

204 2110 300 2178 dibus
314 2110 479 2178 celerrima
493 2120 525 2177 et
539 2110 599 2177 alis
613 2110 839 2198 pernicissima
857 2111 1016 2198 extensis3
1038 2110 1097 2198 [B‚
1116 2123 1188 2181 fol.
1208 2129 1260 2182 aa
1281 2111 1336 2203 νο]

205 2223 368 2292 interdum
384 2233 515 2292 centum
530 2223 653 2292 habens
666 2223 779 2291 oculos
795 2224 975 2309 flammeos,
991 2245 1080 2292 nune
1093 2245 1169 2293 vero
1188 2225 1332 2310 nullum,

204 2337 261 2405 sed
280 2338 359 2404 haut
376 2337 472 2405 etiam
492 2355 564 2404 raro
583 2358 683 2403 unum
704 2337 737 2403 in
762 2336 876 2404 media*
891 2337 996 2404 fronte
1017 2337 1127 2422 fixum,
1148 2338 1181 2405 in
1202 2338 1335 2405 modum

204 2449 305 2538 clypei
318 2449 449 2516 maximi
466 2449 622 2536 (mirabile
635 2448 734 2537 dictu)
747 2457 900 2536 rotatum,
915 2460 947 2516 et
962 2448 1096 2517 totidem
1111 2449 1238 2538 linguas
1257 2449 1334 2516 toti-

204 2564 343 2653 demque
370 2582 426 2631 ora
454 2576 486 2632 et
513 2583 607 2632 aures
635 2565 949 2653 confingensqnunc
978 2585 1081 2653 usque
1109 2564 1149 2631 ad
1173 2565 1276 2632 nubes
1299 2583 1334 2632 se
1363 2570 1406 2639 li)

204 2679 387 2767 subrigens,
409 2698 496 2745 nunc
518 2697 594 2745 vero
619 2677 768 2745 deorsum
792 2678 937 2765 pendens
956 2699 1028 2745 cum
1045 2663 1333 2765 'pulvere'descen-

202 2792 296 2861 dens.
317 2793 393 2860 Haeo
411 2802 518 2860 autem
538 2791 583 2858 ita
606 2798 675 2860 erat
698 2791 795 2879 hujus
818 2791 969 2879 imaginis
989 2791 1062 2859 talis
1085 2791 1275 2879 compositio
1294 2810 1334 2857 ex

202 2925 267 2994 qua
284 2905 464 2974 constabat.
481 2905 585 2993 Caput
603 2905 694 2993 quasi
713 2905 905 2990 humanum,
926 2925 1000 2974 cum
1020 2905 1144 2973 caeteris
1163 2904 1329 2990 membris,

202 3019 306 3088 inerat
325 3020 435 3087 lictum
459 3018 619 3106 nigredini
642 3020 828 3086 Maurorum
850 3019 1066 3106 simillimum,
1092 3020 1184 3108 cujus
1212 3040 1251 3086 ex
1271 3037 1330 3087 'oro

173 3140 233 3212 ,et
251 3132 383 3201 naribus
402 3132 486 3220 ignis
505 3141 537 3199 et
556 3131 690 3218 sulphur
706 3132 910 3224 procedebat.
933 3133 1025 3201 Oculi
1046 3134 1116 3224 ejus
1140 3133 1326 3201 flamminei.
1360 3136 1404 3205 te

202 3247 320 3316 Omnia
338 3258 447 3315 tamen
467 3246 609 3313 membra
624 3246 693 3334 ejus
706 3246 807 3333 pilosa
821 3255 913 3313 erant
927 3245 1018 3334 quasi
1033 3265 1152 3333 oaprae3
1173 3245 1229 3333 pili
1248 3263 1330 3331 quo-

201 3381 266 3450 que
284 3360 378 3428 ferrei
397 3380 511 3428 omnes
530 3361 658 3427 inerant
677 3359 853 3427 durissimi.
876 3359 997 3428 Suhtus
1020 3360 1106 3449 quod
1125 3368 1193 3427 erat
1210 3358 1329 3425 collum

200 3474 235 3541 in
261 3474 394 3540 modum
422 3472 510 3540 tibiae
537 3473 763 3561 longissimum
791 3483 889 3561 atque
913 3473 1174 3560 gracilissimum.
1196 3473 1329 3539 Pectora

201 3598 310 3656 autem
335 3587 406 3675 ejus
428 3595 460 3654 et
483 3585 612 3653 brachia
637 3586 808 3654 macilenta
832 3595 924 3653 erant
952 3587 1043 3673 quasi
1070 3586 1142 3653 tabe
1169 3585 1325 3653 coniecta.

200 3703 320 3769 Penuae
342 3720 469 3789 quoque
490 3700 615 3768 alarum
634 3699 704 3788 ejus
725 3699 860 3768 oculatae
879 3707 971 3766 erant
989 3719 1045 3787 per
1065 3699 1235 3766 circuitum
1256 3698 1328 3766 tabe
1355 3702 1400 3771 20

199 3814 391 3882 defluentes.
417 3813 520 3881 Pedes
540 3815 573 3881 in
593 3814 726 3882 modum
749 3813 915 3880 hastilium
938 3813 1085 3901 producti
1106 3809 1162 3879 sed
1183 3812 1328 3900 gracilis-

200 3930 274 3998 simi
302 3929 398 4016 atque
425 3929 553 4016 nodosi,
584 3929 755 4018 omnisque
782 3921 1000 3996 membrorum
1030 3928 1182 4016 iunctura
1211 3927 1329 4016 quibus

197 4045 418 4135 jungebantur
444 4045 568 4114 nodosa
596 4044 688 4113 valde
715 4051 794 4112 erat.
824 4044 893 4110 Hoc
923 4053 1030 4111 autem
1059 4043 1198 4130 primum
1232 4044 1328 4131 hujus
1385 4043 1388 4050 ’

201 4159 442 4249 imaginationis
465 4161 595 4250 signum
614 4160 821 4228 notissimum
840 4169 919 4227 erat.
941 4157 1075 4243 Deinde,
1096 4157 1128 4225 in
1154 4154 1328 4242 omnigena

201 4274 483 4344 transformatione
498 4294 533 4344 se
550 4274 779 4359 commutabat,
796 4281 851 4341 aut
866 4291 954 4340 nunc
972 4271 1147 4340 bestiarum
1166 4267 1326 4336 ferocissi-
1353 4277 1399 4346 25

201 4407 340 4478 marum,
366 4387 431 4479 [133
459 4400 533 4458 rot.
561 4387 633 4478 os]
652 4398 708 4457 aut
730 4386 941 4476 serpentium,
962 4395 1018 4453 aut
1039 4384 1206 4453 beluarum
1227 4379 1326 4450 mari·
