3459 5667
936 602 1112 671 ...96-

454 739 625 830 sententia)
639 742 688 841 lac
707 761 804 812 omne
817 741 905 831 quod
920 744 1073 832 volueris,
1089 754 1145 814 aut
1157 746 1279 834 verius,
1295 745 1384 837 quod
1397 746 1547 817 valueris.
1564 775 1584 809 ν

497 856 540 923 At
553 864 676 941 contra,
693 856 839 944 aperiens
852 877 890 925 os
904 878 1001 926 suum
1014 858 1129 929 beatus
1143 860 1366 929 Uuinualocus
1380 871 1412 930 et
1427 862 1494 930 Deo
1509 879 1585 950 gra-

453 966 515 1035 tias
533 985 644 1057 agens,
660 968 744 1037 banc
763 968 929 1039 humiliter
946 971 1113 1040 laetissimo
1131 981 1165 1063 et
1183 992 1241 1061 pro
1260 974 1315 1041 tali
1333 974 1475 1043 convitio
1493 975 1586 1045 vultu

451 1079 590 1149 reddidit
619 1081 666 1150 illi
693 1083 951 1171 responsionem,
981 1083 1092 1153 dicens
1113 1112 1120 1153 :
1144 1086 1247 1173 [uel.
1268 1103 1319 1155 ιι
1343 1086 1397 1178 vr]
1430 1114 1445 1149 e
1476 1089 1584 1158 Bene·

404 1191 426 1261 5
453 1192 559 1262 dictus
584 1194 641 1279 sis,
666 1195 889 1265 amantissime
911 1197 1019 1284 frater,
1044 1198 1133 1287 quia,
1158 1198 1242 1267 sicut
1264 1199 1442 1287 oportebat,
1463 1220 1582 1271 conve·

452 1308 656 1379 nientissima
670 1310 767 1379 michi
782 1312 944 1399 protulisti
960 1313 1155 1383 testimonia.
1173 1313 1299 1384 Cleusis
1317 1316 1464 1384 omnium
1477 1315 1583 1385 oculis

452 1424 611 1493 calamum
638 1436 827 1514 quassatum
854 1427 1070 1516 laudantium,
1097 1432 1144 1498 tui
1168 1430 1270 1500 solius
1291 1431 1392 1519 aperti
1414 1441 1504 1519 sunt,
1524 1430 1581 1521 qui

451 1537 521 1607 baec
548 1548 613 1607 tam
640 1550 726 1610 recte
754 1539 930 1629 dijudicare
957 1543 1101 1630 potuisti.
1122 1570 1143 1605 a
1170 1544 1230 1612 His
1256 1554 1364 1613 autem
1387 1544 1497 1629 dictis,
1524 1544 1582 1613 illo

452 1652 574 1723 furioso
591 1654 692 1742 guttis
710 1654 839 1723 invidiae
852 1656 1024 1725 venenosis
1041 1640 1135 1745 quasi
1153 1657 1229 1725 vino
1248 1678 1306 1747 per
1322 1669 1439 1727 cuncta
1456 1659 1583 1729 viscera

381 1756 426 1827 10
453 1766 586 1853 ebriato,
620 1768 677 1834 irae
709 1767 891 1856 furorisque
918 1768 1014 1857 pleno
1046 1769 1245 1857 discedente,
1275 1771 1423 1858 protinus
1451 1782 1582 1841 sanctus
1614 1777 1615 1780 ’

455 1880 674 1949 Uuinualoeus
707 1880 878 1949 demedio
905 1881 1128 1972 languentium
1160 1882 1322 1971 quendam
1355 1904 1464 1953 secum
1497 1886 1580 1954 arri·

452 1994 544 2083 piens
561 1994 697 2081 excepit,
716 1993 809 2061 illum
832 1992 955 2063 ducens
979 2014 1090 2063 secum
1113 1995 1155 2064 ad
1178 1996 1285 2065 locum
1308 1998 1527 2085 secretiorem,
1547 2008 1581 2068 et

450 2107 619 2197 paululum
641 2106 689 2176 sic
710 2120 801 2175 orato
822 2136 830 2175 ι
854 2135 869 2168 «
893 2107 985 2176 Sicut
1002 2110 1113 2178 oculos
1135 2129 1293 2178 caecorum
1310 2110 1519 2180 clamantium
1538 2112 1579 2180 ad

451 2231 486 2290 te
510 2222 660 2291 Miserere
678 2224 791 2307 nostri,
815 2224 861 2306 fili
882 2224 1001 2306 David,
1021 2222 1155 2307 sanasti,
1176 2222 1222 2289 ita
1243 2232 1292 2309 tu,
1319 2222 1459 2291 Domine
1479 2224 1580 2295 lbesu

379 2323 424 2393 15
452 2332 591 2420 Christe,
620 2332 764 2423 digneris
794 2341 827 2401 et
853 2332 948 2401 istius
976 2353 1104 2423 quoque
1131 2334 1238 2403 fratris
1267 2336 1301 2403 in
1329 2345 1362 2405 te
1387 2336 1579 2407 confidentis

451 2446 563 2516 oculos
581 2463 707 2515 sanare.
727 2474 741 2507 n
758 2446 917 2535 Aperiens
934 2448 1047 2515 oculos
1065 2448 1135 2537 ejus
1154 2448 1305 2518 manibus
1318 2448 1388 2519 suis
1406 2459 1440 2519 et
1457 2470 1578 2539 spuens

450 2562 485 2631 in
504 2563 589 2652 illos,
611 2562 656 2631 ait
674 2562 720 2630 illi
743 2589 750 2632 :
775 2590 790 2623 <a
811 2564 992 2653 Argentum
1012 2573 1044 2631 et
1065 2581 1180 2632 aurum
1199 2584 1266 2632 non
1285 2574 1336 2633 est
1352 2564 1469 2652 micbi3
1490 2564 1578 2654 quod

450 2685 558 2746 autem
577 2678 680 2746 habeo
699 2677 760 2746 hoc
778 2676 834 2745 tibi
851 2676 905 2746 do.
921 2677 958 2745 ln
972 2678 1105 2747 nomine
1122 2677 1255 2746 Domini
1275 2684 1372 2760 [nol.
1390 2683 1456 2759 aa]
1473 2675 1577 2745 nostri

448 2790 549 2859 Jbesu
567 2790 700 2877 Christi,
720 2809 816 2879 surge
839 2790 993 2858 velociter
1010 2790 1136 2858 videns.
1160 2818 1176 2851 »
1196 2790 1392 2879 Apertisque
1410 2789 1480 2878 ejus
1497 2809 1577 2858 ocu-

376 2900 422 2969 20
448 2905 503 2988 lis,
522 2904 576 2994 qui
596 2904 700 2973 tristis
718 2903 838 2973 ductus
857 2905 962 2973 luerat
984 2923 1003 2973 e
1027 2912 1133 2994 porta,
1153 2904 1258 2990 laetus,
1279 2904 1370 2972 nullo
1388 2902 1573 2991 reducente,

447 3018 584 3088 recurrit
601 3017 642 3085 ad
661 3016 763 3085 illam.
1023 3110 1025 3115 .

491 3130 643 3220 Magister
665 3130 721 3199 ubi
744 3131 813 3200 hanc
839 3148 859 3197 a
886 3130 1094 3199 narrantibus
1120 3128 1243 3199 audivit
1270 3128 1327 3199 sed
1355 3138 1463 3199 tamen
1493 3150 1574 3220 quo-

447 3227 544 3315 modo
575 3246 745 3315 accidisset
779 3246 918 3333 paenitus
949 3246 1193 3336 ignorantibus,
1226 3247 1294 3315 Deo
1324 3245 1444 3336 gratias
1474 3264 1576 3334 agens

447 3361 649 3449 festinanter,
679 3381 753 3431 cum
781 3380 910 3431 summa
936 3371 1044 3430 tamen
1073 3361 1240 3451 grauitate,
1270 3381 1313 3430 ne
1343 3361 1425 3429 forte
1447 3368 1576 3449 propter

374 3473 419 3543 ab
446 3477 508 3546 hoc
538 3476 745 3545 extolleretur
776 3476 810 3544 in
844 3485 971 3564 mente,
1005 3476 1098 3545 laetus
1125 3476 1266 3545 cucurrit
1295 3476 1336 3545 ad
1365 3485 1509 3564 portam,
1542 3483 1576 3542 et

446 3590 648 3679 interrogans
671 3590 822 3679 quisnam
850 3610 962 3659 eornm
985 3599 1018 3659 et
1045 3589 1208 3679 quomodo
1235 3589 1307 3657 visu
1335 3588 1474 3657 donatus
1491 3586 1573 3655 fuis·

446 3716 508 3793 set,
535 3725 554 3774 a
583 3706 722 3795 quodam
751 3704 863 3774 didicit
891 3724 927 3774 se
953 3725 1074 3774 caecum
1101 3704 1202 3773 luisse
1229 3703 1288 3772 scd
1313 3721 1333 3770 a
1361 3701 1501 3792 quodam
1521 3702 1575 3790 ju·

444 3840 526 3891 uene
555 3821 775 3890 introductum
805 3821 907 3889 luisse
936 3832 1097 3889 curatum.
1129 3820 1236 3889 Senex
1262 3828 1370 3886 autem
1398 3816 1574 3885 ammirans

444 3955 501 4022 pre
528 3935 644 4025 gaudio
667 3962 675 4003 ε
699 3962 714 3995 o
742 3933 827 4017 Quid
854 3933 913 4002 tibi
942 3934 1064 4022 lecerit,
1093 3931 1213 4020 inquit,
1243 3941 1300 4000 aut
1325 3930 1488 4021 quomodo
1514 3927 1574 3997 tibi

373 4046 605 4138 adaperuerit
632 4048 765 4117 oculos?
788 4076 800 4110 a
824 4048 868 4115 At
895 4048 950 4116 illc
976 4046 1177 4136 respondens
1202 4072 1211 4115 ι
1240 4073 1255 4107 e
1283 4044 1452 4114 Mendicus
1480 4042 1574 4112 sede·

379 4158 381 4165 ’
443 4164 531 4249 bam,
550 4164 641 4251 dicit,
661 4173 694 4232 et
712 4183 828 4250 caecus,
844 4179 978 4252 sperans
991 4162 1025 4230 in
1040 4162 1147 4231 medio
1166 4180 1344 4251 pauperum
1363 4179 1383 4228 a
1400 4170 1573 4229 transeun-

442 4279 529 4348 tibus
558 4279 681 4368 aliquid
711 4288 934 4368 accepturum,
966 4277 1024 4347 sed
1050 4277 1107 4346 ille
1136 4297 1188 4346 me
1216 4296 1326 4345 secum
1353 4296 1410 4364 per
1440 4291 1573 4343 manum

443 4393 543 4464 nichil
570 4393 734 4464 uidentem
763 4392 942 4479 attrahens,
970 4400 1139 4481 putantem
1164 4390 1376 4461 elemosinam
1404 4389 1571 4476 daturum,
