3459 5667
928 599 1106 669 κω..

450 739 528 809 dum
560 749 621 826 est,
655 740 699 808 ibi
731 750 763 809 et
794 740 964 809 orandum.
998 740 1104 823 Quare
1136 758 1203 806 non
1231 755 1315 826 opus
1339 745 1389 807 est
1415 736 1579 807 locutione

451 859 548 936 [not.
572 859 639 936 ss]
671 874 743 923 curn
767 873 911 941 oramus,
936 853 968 923 id
991 864 1040 924 est
1061 852 1253 922 sonantibus
1270 850 1388 937 verbis,
1409 850 1473 918 uisi
1496 851 1578 920 forte

449 966 533 1035 sicut
557 967 739 1036 sacerdotes
761 968 884 1036 faciunt
906 948 1126 1057 significandae
1149 956 1268 1034 mentis
1291 985 1358 1034 suae
1380 983 1488 1050 causa,
1509 984 1577 1033 non

448 1091 485 1147 ut
502 1080 588 1148 Deus
608 1079 664 1149 sed
683 1091 719 1149 ut
736 1081 887 1151 homines
904 1082 1039 1151 audiant
1057 1091 1089 1151 et
1111 1079 1327 1151 consensione
1345 1078 1484 1168 quadam
1502 1100 1576 1149 sns-

399 1195 421 1265 5
448 1195 631 1283 pendantur
650 1196 683 1263 in
704 1197 819 1265 Deum.

492 1308 563 1376 Non
591 1318 623 1376 te
649 1329 726 1377 vero
755 1320 880 1378 moveat
902 1309 989 1400 quod
1018 1330 1168 1379 summus
1195 1309 1358 1397 Magister,
1384 1329 1458 1377 curn
1477 1310 1576 1377 'orare

446 1418 576 1494 doceret
606 1424 798 1514 discipulos,
829 1426 930 1496 rerba
955 1427 1102 1517 quaedam
1125 1427 1244 1495 'docuit
1276 1452 1284 1493 :
1316 1426 1350 1493 in
1382 1430 1448 1515 q‘uo
1474 1423 1575 1493 nichil

446 1540 535 1608 aliud
565 1539 692 1609 videtur
724 1542 838 1611 secisse
876 1562 973 1631 quam
1011 1542 1160 1611 docuisse
1192 1541 1354 1630 quomodo
1385 1541 1418 1610 in
1452 1539 1575 1611 orando

446 1654 535 1744 loqui
562 1667 734 1745 oporteret.
755 1658 825 1726 Non
854 1659 942 1726 enim
970 1668 1097 1726 tantum
1124 1658 1220 1727 verba
1245 1657 1302 1726 sed
1325 1676 1377 1725 res
1404 1656 1491 1745 ipsas
1517 1674 1574 1723 eos

374 1763 418 1832 10
444 1769 552 1838 verbis
580 1769 736 1856 docuerit,
768 1770 888 1859 quibus
920 1771 1017 1840 etiam
1049 1770 1148 1858 seipsi
1179 1789 1352 1839 commune
1383 1770 1526 1838 lacerent
1555 1785 1575 1835 a

373 1873 376 1879 ’
445 1903 510 1974 quo
529 1883 657 1973 etquid
676 1892 761 1952 esset
781 1884 953 1970 orandum,
969 1905 1042 1953 uum
1062 1885 1294 1973 penetralibus,
1314 1893 1350 1952 ut
1369 1883 1573 1967 dictumest,

444 1997 563 2066 mentis
581 2008 721 2066 orarent.
739 1998 835 2067 Hunc
852 2007 960 2067 autern
976 1998 1108 2067 mudum
1127 2009 1248 2067 sanctae
1265 1996 1422 2066 orationis
1440 2014 1574 2065 servan·

444 2111 522 2179 dum
549 2112 777 2181 devotissimus
805 2112 1001 2181 christianus
1028 2110 1200 2200 intelligat,
1225 2121 1261 2179 ut
1287 2110 1428 2200 idipsum
1454 2108 1573 2198 cogitet

441 2226 530 2315 quod
555 2236 637 2311 orat,
663 2228 768 2315 ipsum
793 2227 943 2315 respiciat
966 2237 1074 2295 mente
1099 2226 1151 2294 cui
1180 2225 1352 2314 supplicat,
1376 2245 1490 2294 omnes
1515 2244 1571 2293 su·

371 2331 416 2445 15
443 2330 580 2429 perduas
600 2340 812 2430 cogitationes
831 2340 992 2425 excludat,
1012 2338 1101 2407 alind
1121 2358 1187 2406 non
1213 2338 1362 2407 admittat
1383 2348 1571 2407 extraneum

443 2474 497 2540 ne,
517 2460 669 2537 ut[1ro1.
690 2471 744 2526 as
764 2461 812 2536 νῦ]
833 2455 879 2521 ait
897 2452 1041 2543 quidam,
1065 2480 1080 2513 u
1103 2452 1287 2542 purissimis
1306 2449 1450 2521 lontibus
1475 2470 1571 2541 apros

442 2567 615 2636 immittere
637 2596 652 2629 u
673 2567 819 2636 rideatur
837 2566 1046 2655 improvidos.
1067 2566 1152 2635 Hinc
1171 2566 1268 2635 etiarn
1287 2565 1388 2635 sancti
1407 2563 1571 2634 Ambrosii

441 2682 620 2751 secundum
648 2683 830 2773 apostolum
849 2683 937 2753 horae
955 2692 1053 2752 sentae
1070 2701 1184 2751 roseus
1206 2700 1325 2772 ymnus
1343 2678 1493 2750 redoluit.
1515 2678 1573 2748 dit

440 2818 529 2869 enum
545 2826 553 2869 z

367 2936 413 3015 20
662 2936 769 3006 Oraho
788 2947 897 3007 mente
916 2936 1105 3025 Dominum,

661 3052 768 3120 Oraba
787 3051 884 3119 simul
903 3050 1036 3139 spiritu3

660 3164 1087 3249 Mmmwmt

661 3278 849 3369 Sensusque
868 3287 992 3364 noster,
1013 3278 1089 3347 alibi

657 3394 792 3481 Ductus,
814 3395 942 3462 aberret
960 3394 1132 3480 fluctuans,

658 3506 759 3575 Vanis
777 3517 951 3595 preventus
969 3507 1109 3575 casibus.

658 3622 750 3690 Tunc
769 3621 856 3691 enirn
877 3622 944 3690 Deo
962 3629 1092 3711 accepta
1109 3630 1160 3689 est

656 3735 768 3804 Oratio
786 3736 985 3823 canentium,

657 3848 692 3919 Si
712 3867 791 3938 pura
810 3869 903 3919 mens
923 3848 1008 3917 idem
1029 3856 1120 3937 gerat

657 3962 752 4045 Quod
770 3963 907 4052 explicat
924 3982 988 4033 vox
1006 3960 1134 4031 cantici.
