3459 5667
903 648 950 662 ...
977 610 1107 679 166-

966 926 1051 993 XLll

827 1166 876 1234 Du
903 1187 1005 1234 runnu
1033 1167 1189 1234 Drunvou.

492 1406 527 1474 ln
549 1406 680 1475 nornine
698 1404 755 1473 lici
775 1404 893 1473 summi
911 1413 944 1472 et
969 1420 1078 1470 amore
1102 1403 1187 1492 regis
1211 1402 1342 1492 superni
1364 1402 1420 1491 qui
1439 1402 1481 1471 de
1498 1402 1576 1472 Vir-

449 1519 523 1607 gine
549 1516 699 1608 dignatus
727 1517 814 1585 nasci
844 1536 901 1606 pro
929 1516 1147 1605 redemptione
1174 1519 1301 1606 generis
1329 1518 1476 1586 hnmani.
1504 1520 1575 1609 Ego

448 1638 584 1727 quedam
617 1638 734 1707 mulier
762 1636 893 1724 indolis,
923 1636 1065 1705 moribus
1096 1648 1221 1723 ornata,
1251 1648 1385 1706 sternate
1414 1638 1575 1729 regalium

448 1772 536 1842 erga,
558 1752 689 1821 nomine
708 1751 894 1840 lunargant,
916 1771 987 1840 quae
1009 1763 1123 1819 cuncta
1148 1750 1288 1840 despicio
1307 1763 1445 1839 terrena,
1467 1753 1577 1822 modis

378 1864 400 1933 5
448 1867 599 1935 omnibus
618 1866 711 1955 cupio
730 1865 863 1955 adipisci
883 1866 1034 1952 caelestia,
1050 1866 1092 1934 do
1111 1879 1142 1934 et
1161 1866 1302 1934 concedo
1322 1866 1452 1935 demea
1473 1874 1575 1949 [mot.

451 1988 544 2065 roe]
568 1983 693 2071 propria
713 1982 889 2051 hereditate
911 1995 1022 2050 sancto
1042 1982 1263 2072 Uuingualoeo
1282 1982 1458 2071 spetialiter
1476 1983 1577 2051 miclri

449 2098 618 2165 acunctis
648 2096 833 2185 parentibus
865 2096 984 2165 inclitis
1011 2095 1171 2185 quandam
1203 2096 1327 2186 plebem
1355 2097 1489 2165 nomine
1519 2096 1576 2165 Di-

449 2210 558 2296 neule,
579 2230 651 2277 curu
672 2210 761 2278 silvis
781 2219 812 2278 et
832 2211 936 2297 aquis,
961 2208 1060 2297 pratis
1084 2210 1239 2298 terrisque
1264 2210 1359 2278 cultis
1385 2222 1417 2278 et
1443 2211 1579 2280 incultis

450 2334 482 2393 et
501 2324 651 2391 omnibus
665 2322 694 2391 ei
714 2322 904 2413 apendiciis,
924 2334 1034 2391 sancto
1049 2323 1279 2412 Uningoaloaeo
1293 2323 1326 2390 in
1343 2322 1579 2393 dicumbitione

381 2437 423 2507 ld
450 2431 570 2508 aeterna
589 2438 621 2505 in
643 2438 817 2506 hereditate
836 2448 998 2525 perpetua,
1025 2457 1081 2525 pro
1103 2437 1276 2506 stabilitate
1299 2440 1394 2526 regni
1412 2449 1445 2507 et
1462 2439 1578 2530 longe·

449 2555 547 2621 vitate
574 2552 648 2619 vitae
675 2572 766 2635 meae,
794 2552 959 2639 magisque
988 2571 1044 2639 pro
1073 2551 1292 2639 redemptione
1318 2552 1447 2638 animae,
1473 2566 1514 2622 ut
1541 2575 1579 2623 er

444 2667 546 2736 ‘rebus
569 2666 775 2747 transitoriis,
801 2668 944 2755 purgatis
967 2665 1170 2753 squaloribus
1192 2666 1381 2752 facinorum,
1407 2686 1481 2735 uera
1511 2669 1577 2737 dis·

444 2780 638 2871 pensatione
652 2802 799 2869 supernae
815 2780 942 2869 pietatis
955 2798 1052 2867 regna
1068 2799 1225 2847 mercarer
1238 2780 1399 2869 gaudillua
1414 2781 1579 2850 soliditate

451 2895 684 2985 perpetuitatis,
706 2894 807 2963 sancti
832 2894 1043 2983 Uningualoei
1066 2893 1213 2982 precibus
1236 2893 1387 2962 assiduis.
1409 2895 1498 2963 Etsi
1517 2896 1578 2963 ali-

375 3011 424 3079 '15
452 3014 526 3105 quis
545 3014 734 3082 temerarius
752 2988 848 3082 luerit
870 3014 925 3102 qui
947 3014 1029 3082 hanc
1048 3014 1254 3102 scriptionem
1273 3014 1420 3101 frangere
1438 3023 1577 3102 tempta·

450 3130 544 3215 uerit,
566 3128 645 3196 sciat
663 3148 698 3196 se
717 3128 856 3197 alienum
877 3128 980 3196 lorea
1000 3127 1164 3195 liminibus
1183 3137 1302 3196 sanctae
1325 3127 1382 3195 Dei
1409 3127 1576 3214 aecclesiae,

452 3254 483 3312 et
512 3262 585 3332 pars
614 3244 684 3333 ejus
711 3265 784 3313 curn
813 3244 938 3312 Dathan
966 3255 998 3312 et
1022 3244 1152 3333 A'byron
1175 3262 1235 3311 nec
1258 3264 1323 3313 non
1347 3264 1421 3311 curn
1446 3244 1530 3313 luda
1547 3257 1578 3313 et

449 3358 567 3445 Pilato,
607 3358 662 3447 qui
699 3358 873 3426 Dominum
910 3357 1144 3426 crucifixerunt.
1183 3358 1281 3425 Terra
1317 3368 1428 3427 sancta
1465 3356 1576 3448 [Fut.

455 3488 538 3542 too
558 3473 610 3561 uo]
624 3471 778 3559 cymiterii
793 3492 856 3539 non
872 3471 1038 3559 recipiant,
1050 3482 1082 3540 et
1096 3471 1152 3538 tilii
1165 3492 1277 3541 eorum
1293 3472 1397 3541 orlani
1412 3484 1445 3542 et
1460 3494 1576 3543 uxores
1634 3522 1637 3528 -

377 3581 427 3649 *20
453 3583 569 3653 uiduae.
605 3583 738 3672 Signum
770 3584 872 3652 Budic
902 3585 1041 3653 comitis.
1072 3586 1207 3675 Signum
1240 3588 1387 3657 Salvator
1419 3590 1573 3679 episcopi.

454 3697 588 3787 Signum
608 3698 723 3766 Alsrett
741 3699 966 3767 archidiaconi.
988 3700 1124 3788 Signum
1143 3702 1270 3789 Allrett,
1295 3702 1410 3771 fratris·
1427 3704 1573 3789 comitis;

453 3812 591 3899 Agostin
624 3811 806 3899 presbiteri3
840 3810 967 3896 Bidian,
1001 3813 1146 3901 Saluten,
1180 3815 1284 3900 Urler,
1314 3815 1571 3906 Heianguetlten,

353 3968 358 3977 ·
455 3922 588 4011 Gurcar,
610 3924 822 4013 Guethencar,
842 3924 968 4014 Daniel,
988 3937 1020 3995 et
1041 3927 1177 3997 aliorum
1201 3928 1412 4027 plurimorum
1430 3929 1572 4000 fidelium

453 4037 597 4107 testium.
