3459 5667
923 628 1100 701 ..pg-

326 763 328 771 ’
444 761 476 830 in
506 780 678 833 commune
705 764 931 856 referentibus,
953 788 1053 839 sanus
1080 780 1177 860 atque
1203 768 1378 839 incolumis
1405 769 1571 860 equitavit.

486 876 622 963 Dehinc,
655 878 885 949 miraculorum
916 884 1067 971 cumulis,
1101 883 1321 952 eruditionum
1353 885 1571 975 sermonibus,

442 1010 570 1061 morum
588 994 755 1083 exemplis,
787 1016 844 1084 per
870 998 1052 1067 universam
1083 1008 1176 1067 terrae
1204 1000 1381 1068 Armoricae
1408 1000 1573 1089 regionem

445 1110 542 1187 [mot.
573 1123 626 1176 aa
656 1114 704 1190 νο]
728 1108 853 1177 celebre
872 1111 1059 1180 factumest
1078 1131 1197 1179 nomen
1216 1112 1300 1201 ejus,
1322 1122 1485 1199 prestante
1507 1114 1572 1182 Do·

394 1216 416 1283 5
444 1219 533 1288 mino
552 1231 663 1289 nostro
681 1222 780 1291 Jbesn
801 1222 943 1310 Christo,
967 1226 1018 1294 cui
1044 1237 1095 1295 est
1114 1227 1218 1295 bonor
1241 1236 1273 1297 et
1294 1236 1437 1316 potestas
1458 1236 1491 1295 et
1509 1226 1572 1295 im-

443 1334 567 1423 perium
587 1334 622 1403 in
643 1338 752 1406 secula
770 1338 968 1408 seculorum.
989 1341 1107 1410 Amen.
1127 1418 1132 1428 ,
1457 1326 1461 1333 ’

856 1674 1032 1751 CAPUT
1062 1676 1160 1751 XIX

443 1908 490 1977 De
508 1910 575 1977 alto
594 1913 779 1995 contentione
799 1930 869 1996 quc
890 1914 926 1978 io
948 1931 1001 1979 cor
1019 1914 1087 1997 ejus
1110 1914 1234 1997 irrepsit
1256 1920 1292 1978 ut
1317 1918 1429 1978 sancto
1452 1911 1521 1976 loco
1538 1912 1575 1975 in

488 2024 599 2107 quibus
616 2032 744 2112 sanctus
762 2026 921 2092 Patricius
939 2029 1046 2110 suerat
1071 2036 1270 2093 conversatos
1289 2028 1445 2111 inviseret,
1464 2025 1516 2090 sed
1532 2025 1574 2090 ob

487 2138 592 2202 eodem
610 2141 801 2204 ammonitus
819 2142 854 2204 im
873 2143 990 2206 somnis
1009 2159 1048 2206 m
1067 2131 1242 2225 vaporetur
1260 2149 1290 2206 et
1306 2140 1498 2207 solummodo
1515 2138 1576 2205 sibi

488 2255 524 2319 in
541 2255 604 2321 istc
620 2254 788 2322 Armorica
805 2258 945 2341 sufficere
963 2275 1090 2324 munere
1108 2266 1205 2325 terro.

488 2488 530 2555 Et
557 2506 630 2557 ecee
656 2508 722 2556 non
748 2489 844 2578 longe
868 2500 941 2579 post
963 2490 1024 2559 bas
1046 2500 1078 2559 et
1102 2490 1183 2559 alias
1206 2489 1315 2579 plures
1341 2488 1572 2558 miraculorum

445 2603 683 2692 multitudines,
703 2604 841 2693 quadam
856 2615 964 2693 nocte,
979 2604 1057 2674 dum
1076 2626 1112 2675 se
1125 2616 1196 2694 post
1211 2606 1353 2674 laborem
1368 2614 1570 2692 consuetum,

445 2718 572 2807 expleto
597 2719 818 2806 completorio,
839 2719 975 2790 modicae
1002 2720 1104 2810 quieti
1131 2720 1284 2808 dedisset,
1310 2720 1379 2789 haec
1405 2719 1434 2787 ei
1463 2718 1574 2787 subito

375 2838 419 2909 10
446 2831 566 2900 inhesit
588 2832 739 2921 cogitatio
764 2843 800 2901 ut
826 2843 937 2902 sancta
959 2834 1042 2921 loca,
1063 2834 1096 2901 in
1120 2832 1239 2922 quibus
1263 2842 1395 2901 sanctus
1417 2831 1575 2900 Patricius

445 2944 641 3018 habitaverat
665 2945 713 3013 vir
737 2946 1012 3035 prudentissimus
1036 2956 1132 3035 atque
1156 2946 1250 3034 plene
1275 2945 1462 3033 catholicus,
1488 2943 1574 3012 invi-

446 3071 542 3147 seret,
563 3070 595 3131 et
613 3062 684 3150 ejus
703 3061 873 3150 disciplina
892 3071 989 3151 atque
1006 3060 1162 3149 exemplis
1179 3061 1272 3150 quasi
1290 3060 1469 3150 discipulus
1486 3060 1574 3128 irue-

445 3183 534 3243 retur
562 3174 730 3263 aegregius.
752 3174 814 3256 Qui
841 3195 909 3242 non
935 3180 1032 3257 [mol.
1053 3173 1123 3264 aa]
1146 3183 1222 3242 ante
1242 3174 1382 3242 multum
1403 3172 1572 3262 temporie,

446 3287 539 3376 quasi
559 3286 692 3356 candela
710 3286 910 3356 lucidissima
928 3287 962 3355 in
986 3288 1051 3356 alto
1075 3288 1228 3356 collocata
1246 3287 1446 3375 amplissima
1464 3306 1574 3375 asper-

376 3404 419 3475 t5
446 3420 526 3488 gens
544 3398 680 3486 lumina,
701 3410 834 3469 cunctas
853 3400 1023 3489 Hyberniae
1042 3400 1155 3469 insulae
1179 3401 1378 3469 illuminarat
1400 3400 1572 3485 aecclesias,

446 3522 479 3580 et
500 3530 567 3579 non
592 3511 697 3579 solum
721 3512 806 3599 illas,
833 3513 890 3583 sed
918 3514 1013 3582 etiam
1038 3513 1139 3583 totius
1164 3513 1277 3582 mundi
1299 3531 1413 3581 omnes
1436 3513 1476 3581 ad
1494 3530 1575 3603 quas

445 3626 531 3695 fama
559 3627 628 3715 ejus
658 3628 875 3719 meritumque
904 3629 1019 3698 deferri
1048 3628 1218 3718 potuisset,
1247 3640 1314 3697 tam
1343 3628 1436 3697 lortis
1463 3638 1575 3697 contra

445 3741 604 3811 hereticos
632 3742 841 3812 eradicandos
869 3751 902 3812 et
929 3742 1044 3812 mundi
1072 3762 1275 3832 perversores
1304 3761 1403 3831 quarn
1432 3742 1521 3810 mitis
1544 3751 1577 3811 et

445 3854 579 3925 humilis
598 3856 630 3924 in
651 3858 754 3929 bonos
768 3869 800 3928 et
818 3880 912 3929 veros
931 3860 1049 3929 Christi
1064 3859 1217 3953 cultores.
1239 3859 1321 3927 Nam
1337 3877 1452 3927 omnes
1466 3875 1576 3945 magos

374 3971 420 4041 20
446 3978 543 4056 atque
569 3970 688 4039 ariolos
715 3971 817 4041 totius
845 3972 960 4041 insulae
979 3972 1143 4059 predictae,
1168 3971 1315 4061 quamvis
1332 3969 1574 4054 callidissimos,

447 4102 514 4151 suae
528 4090 636 4151 tamen
651 4084 805 4154 doctrinae
820 4105 894 4154 curn
909 4086 1065 4155 orationis
1079 4086 1196 4154 virtute
1210 4086 1312 4174 gratia
1325 4084 1548 4172 prosternebat
1564 4110 1573 4151 ι

445 4206 502 4264 aut
525 4198 585 4265 hos
613 4197 684 4267 sine
710 4198 776 4266 ulla
802 4198 1007 4267 cunctatione
1029 4199 1071 4266 ad
1096 4198 1262 4267 interitum
1286 4207 1490 4288 perpetuum,
1510 4196 1576 4265 nisi

446 4310 575 4379 Christo
594 4310 747 4380 citissime
766 4330 915 4401 perversa
928 4331 1024 4400 opera
1043 4329 1101 4380 sua
1120 4312 1318 4400 corrigentes
1332 4320 1574 4398 converterent,

446 4438 502 4497 aut
529 4429 604 4516 hos,
633 4428 662 4498 si
687 4448 785 4519 prava
813 4448 910 4519 opera
934 4428 1073 4519 perfecte
1099 4427 1275 4520 penitendo
1302 4428 1575 4518 derelinquerent,
