3459 5667
632 596 673 632 .·..
697 578 742 649 43
762 612 808 631 .-

148 717 227 789 dare
255 715 408 789 interiora
433 717 520 789 uasis
548 686 613 804 sui,
643 718 677 787 id
705 726 757 789 est
787 724 912 788 secreta
943 714 1061 805 cordis,
1093 714 1284 805 diligentius

151 832 294 919 studeat,
324 840 484 922 qnatenus
506 832 574 901 Deo
602 831 820 901 habitaculum
845 831 912 917 fiat,
938 829 1065 899 dicente
1095 831 1239 920 apostolo
1270 857 1280 901 t

153 946 256 1032 [nor.
280 943 350 1034 aa]
372 972 387 1005 o
409 944 467 1013 Dei
486 944 693 1034 agricultura,
709 943 768 1012 Dei
788 943 957 1012 aedificatio
970 943 1068 1029 estis3
1090 962 1131 1011 an
1150 944 1283 1015 nescitis

151 1059 230 1149 quia
253 1059 312 1129 Dei
339 1058 496 1149 templum
522 1058 601 1129 estis
627 1065 659 1126 et
684 1056 818 1147 spiritus
841 1057 901 1127 Dei
924 1056 1047 1128 habitat
1072 1057 1107 1125 in
1127 1056 1280 1127 vobisi'»
1381 1144 1384 1147 ἱ

542 1392 717 1467 CAPUT
752 1391 897 1467 XVIII

150 1629 198 1695 Do
215 1629 356 1695 Froccni
373 1634 403 1694 ot
428 1627 549 1712 nenati,
575 1628 763 1693 Damnonion
785 1626 885 1712 ducta,
904 1634 1031 1710 moptor
1052 1645 1124 1693 anos
1148 1627 1284 1693 caballos

197 1745 401 1809 uelocissimos
430 1744 551 1810 ludicro
578 1744 784 1828 contentione,
814 1749 844 1809 ct
870 1744 907 1808 do
933 1745 1050 1809 virtute
1076 1761 1146 1825 qnoe
1172 1744 1285 1809 ibidem

197 1858 283 1940 [uota
300 1863 345 1922 est
362 1857 510 1923 mirabitl.

199 2094 324 2164 Sedne
342 2093 466 2163 tardius
485 2093 519 2163 in
538 2094 610 2163 istis
624 2094 823 2187 exponendIs
837 2094 1016 2164 inherendo
1034 2094 1149 2164 iterum
1168 2093 1285 2183 relige-
1336 2096 1359 2165 5

153 2228 241 2295 mur,
274 2226 312 2276 ea
341 2207 448 2296 potius
474 2227 547 2297 qnae
572 2208 612 2277 de
640 2208 737 2297 hujus
764 2208 869 2277 sancti
890 2207 1064 2277 uirtutibus
1086 2218 1188 2297 caepta
1209 2218 1288 2276 sunt

153 2339 399 2411 persequamur.
420 2322 503 2390 Nam
531 2331 563 2389 et
591 2322 653 2389 huc
680 2341 810 2410 quoque
838 2320 983 2410 ejusdem
1011 2322 1176 2411 egregium
1203 2342 1287 2412 opus

154 2434 283 2503 videtur
310 2432 405 2503 nubis
431 2454 499 2502 non
522 2454 593 2503 esse
618 2434 679 2504 sub
704 2434 834 2503 silendo
861 2434 1049 2523 tegendum,
1078 2434 1179 2524 quud,
1208 2435 1286 2503 dum

152 2547 190 2615 in
208 2556 318 2635 aperto
335 2546 467 2617 auribus
493 2548 702 2617 beatitudinis
731 2558 845 2617 vestrae
872 2548 1120 2639 diligentissime
1150 2549 1286 2619 intentis

154 2679 263 2730 curam
295 2661 478 2749 expositum
508 2670 540 2731 et
571 2660 714 2731 delatum
747 2662 857 2749 luerit,
887 2662 1063 2730 maximum
1092 2682 1200 2753 spero,
1230 2683 1287 2754 pre
1317 2665 1360 2733 ll)

153 2779 308 2850 omnibus
323 2800 396 2869 quae
411 2779 479 2869 jam
494 2778 534 2849 de
551 2779 615 2850 isto
634 2778 823 2866 dictasunt,
840 2779 1058 2869 spectaculum
1073 2780 1285 2867 prebiturum

153 2896 310 2981 Quamuis
338 2904 436 2981 [nol.
452 2914 509 2969 tto
522 2904 574 2981 vo]
604 2898 692 2966 enim
720 2897 830 2966 miuari
856 2916 924 2966 non
952 2896 1104 2966 inmerito
1129 2898 1287 2986 potuisset
1390 2974 1396 2979 ,

153 3013 230 3083 caeci
254 3013 378 3082 lumina
400 3014 589 3099 restaurari,
608 3014 739 3083 oculum
762 3014 802 3081 ab
826 3013 902 3082 alite
917 3013 984 3102 jam
1007 3013 1047 3081 ab
1067 3013 1218 3081 hesterna
1236 3013 1288 3082 die

152 3136 333 3197 comestum
354 3126 495 3216 reparari
522 3137 554 3195 et
572 3136 734 3216 raptorem
758 3126 856 3216 (quud
874 3147 941 3195 non
961 3126 1071 3195 minus
1088 3126 1285 3216 mirandum)

152 3239 345 3310 adveniente
364 3239 483 3309 Christi
502 3260 578 3309 uero
599 3239 723 3309 medico
742 3239 873 3309 illesum
890 3240 1060 3328 reservari,
1087 3249 1120 3308 et
1137 3259 1287 3331 peremp-
1317 3242 1360 3311 15

153 3365 223 3423 tum
237 3371 256 3421 a
275 3364 423 3443 serpente
433 3354 630 3444 jamjamque
644 3354 839 3423 moriturum
853 3353 895 3421 ad
909 3353 1009 3422 uitam
1024 3352 1150 3439 reduci,
1161 3354 1288 3443 -plus

151 3477 262 3535 tamen
280 3468 429 3537 exanime
448 3468 515 3557 jam
538 3488 669 3557 eorpus,
689 3467 803 3537 eudem
829 3468 1012 3555 invocante,
1034 3467 1171 3537 refoveri
1191 3477 1288 3557 atque

152 3581 296 3650 animam
320 3581 387 3672 jam
413 3582 553 3671 paenitus
580 3601 599 3650 e
627 3600 763 3673 corpure
789 3582 931 3672 elapsam
962 3582 1072 3652 reduci
1103 3580 1287 3651 mirandum

152 3716 225 3766 esse
243 3695 393 3765 decerno.

198 3813 343 3898 Quadam
370 3814 479 3904 itaque
505 3813 569 3902 die,
599 3814 677 3882 dum
707 3814 874 3884 contentio
903 3813 1028 3884 ludicra
1057 3813 1143 3884 inter
1171 3815 1289 3884 Fraca·
1315 3812 1360 3881 20

152 3952 234 4001 num
255 3931 399 4021 ejusdem
423 3930 601 4021 genitorem
625 3940 658 4001 et
682 3930 847 4017 Riualum,
868 3930 1079 4001 Dumnonicae
1103 3932 1204 4019 partis
1226 3929 1289 3999 du-

153 4065 238 4132 cem,
266 4065 423 4135 equorum
456 4066 591 4126 suorum
617 4045 898 4116 velocissimorum
924 4062 1032 4135 cansa,
1062 4057 1133 4115 orta
1157 4046 1287 4134 luisset,

154 4180 286 4231 cursum
313 4180 397 4253 pene
423 4161 616 4250 aquilarum,
637 4169 673 4229 nt
698 4160 796 4231 etiam
820 4169 900 4229 tunc
922 4160 1085 4247 dicebant,
1105 4160 1290 4231 assimilan-

154 4273 238 4343 tium
268 4274 354 4363 (nam
381 4275 518 4365 quisque
545 4275 661 4344 hurum
688 4273 822 4343 alterius
854 4273 1009 4363 sonipede
1037 4294 1134 4344 suum
1166 4274 1289 4344 ferebat

157 4408 229 4459 esse
241 4388 501 4461 excellentiorem
511 4388 614 4480 spatio
627 4408 743 4459 cursus
752 4388 909 4478 emenso),
922 4388 1094 4459 conventio
1104 4394 1201 4474 [not.
1218 4391 1285 4472 ιι]
1314 4387 1360 4460 25
