3459 5667
955 604 1155 675 -100-

489 741 600 812 labore
618 741 815 829 liberaberis,
835 752 868 812 et
886 742 932 812 illi
955 744 1099 834 quidem,
1121 763 1195 812 cum
1222 739 1304 810 bene
1327 760 1365 814 ac
1387 740 1532 831 legitime
1550 763 1618 813 cer·

487 857 638 942 taverint,
659 857 897 946 liberabuntur,
919 859 977 927 sed
992 858 1088 926 modo
1103 877 1169 926 non
1189 866 1371 943 sumentur,
1388 867 1419 925 et
1438 876 1456 924 a
1475 867 1508 926 te
1527 859 1619 945 peni·

486 980 553 1057 tus,
573 972 720 1060 quamvis
733 974 941 1062 corporaliter
955 973 1101 1061 absente,
1117 984 1150 1040 et
1163 991 1364 1041 successores
1378 991 1493 1039 eornm
1514 992 1621 1060 usque

487 1087 521 1153 in
546 1089 779 1178 sempiternum
804 1109 982 1180 numquam
1011 1091 1240 1160 destituentur.
1274 1117 1290 1151 a
1320 1091 1362 1158 Et
1387 1090 1456 1158 haec
1489 1090 1617 1176 dicens,

414 1185 462 1265 *5
486 1200 662 1290 assumptis
679 1203 815 1287 viribus,
835 1217 962 1274 erectus
981 1217 1029 1274 est
1049 1206 1082 1273 in
1103 1207 1233 1274 aethera.

487 1309 491 1315 ’
530 1315 670 1384 Sanctus
688 1329 795 1385 autem
815 1317 1036 1387 Uuinualceus
1055 1328 1226 1408 postquam
1245 1318 1314 1386 haec
1326 1326 1443 1385 cuncta
1462 1317 1617 1386 iratribus

484 1432 657 1520 retulisset,
687 1433 863 1523 gaudentes
890 1435 1008 1523 pariter
1033 1443 1066 1502 ct
1092 1435 1207 1502 ilentes
1230 1433 1408 1503 dicebant:
1433 1462 1447 1494 ι
1471 1434 1535 1502 Cui
1556 1454 1615 1502 nos

484 1546 691 1615 commendas
709 1558 810 1636 pater,
833 1568 875 1616 ne
893 1547 1009 1635 orbati,
1026 1548 1111 1616 sicut
1128 1566 1205 1616 oves
1224 1557 1386 1636 pastorem
1404 1567 1471 1614 non
1492 1547 1614 1614 haben·

484 1672 544 1745 tes,
564 1663 666 1730 relicti
695 1663 917 1753 dispergamur
947 1686 1002 1754 per
1031 1664 1179 1733 diversa?
1201 1693 1215 1726 a
1238 1667 1281 1733 ht
1308 1665 1397 1732 ille:
1428 1665 1611 1754 «Habetis,

412 1771 457 1841 10
482 1776 599 1866 inquit,
619 1779 785 1849 vobiscum
805 1780 1019 1870 peritissimos
1038 1783 1071 1850 in
1091 1781 1180 1850 omni
1196 1780 1341 1850 doctrina
1355 1779 1492 1869 spiritali
1508 1781 1611 1868 viros;

482 1892 648 1961 sedilium
672 1895 779 1983 potius
801 1897 910 1985 eligite
937 1907 970 1966 et
996 1898 1153 1967 secernite
1177 1897 1268 1966 vobis
1290 1907 1465 1984 pastorem,
1487 1891 1548 1983 qui
1570 1893 1612 1960 ita

483 2015 579 2090 [liet.
603 1998 680 2079 ἰιι
702 2016 751 2094 v0]
776 2009 880 2081 dulcis
903 2015 994 2103 quasi
1017 2015 1081 2082 mel
1103 2024 1137 2082 et
1161 2014 1254 2102 quasi
1276 2011 1456 2080 absintium
1481 2027 1611 2076 amarus

479 2126 603 2193 luerit:
629 2127 697 2194 haec
724 2127 884 2217 siquidem
914 2129 1003 2196 omni
1031 2128 1338 2198 convenientissima
1368 2137 1444 2196 sunt
1472 2125 1605 2214 pastori.

478 2239 645 2308 Pastorem
672 2258 748 2328 ergo
770 2241 860 2309 vohis
885 2241 1018 2329 apposui
1046 2270 1054 2310 ι
1080 2241 1186 2310 videte
1207 2240 1406 2329 vosmetipsi.
1437 2266 1450 2300 r
1479 2239 1523 2306 Et
1543 2238 1607 2304 haee

408 2346 452 2415 15
479 2352 591 2422 dicens
605 2353 721 2422 iterum
736 2353 904 2444 loquitur:
925 2384 939 2418 «r
956 2359 1136 2445 Praeparate
1150 2377 1207 2442 vos
1220 2356 1328 2442 hodie,
1344 2354 1421 2443 quia
1434 2363 1604 2441 postquam

477 2470 609 2539 missam
634 2484 805 2541 cantavero
832 2485 864 2542 et
892 2475 973 2544 illud
1005 2487 1245 2544 sacrosanctum
1272 2473 1415 2563 corporis
1443 2469 1601 2539 Dominiei

475 2603 623 2672 recepero
642 2587 843 2674 mysterium,
863 2589 955 2676 quasi
975 2599 1064 2658 sexta
1081 2589 1144 2658 diei
1164 2589 1261 2678 hujus
1280 2589 1372 2672 hora,
1391 2585 1555 2654 Dominus
1573 2592 1601 2652 et

475 2699 621 2768 Salvator
638 2720 731 2768 meus
752 2701 871 2770 Jhesus
893 2701 1055 2790 Christus,
1082 2701 1134 2771 cui
1158 2722 1286 2790 semper
1303 2701 1458 2769 adherere
1482 2697 1598 2788 cupivi,

475 2815 605 2903 recipiet
623 2836 675 2884 me
692 2816 733 2884 ab
751 2816 814 2885 isto
832 2837 966 2906 corpore
986 2818 1085 2907 gravi.
1111 2847 1126 2880 ι)
1148 2817 1270 2886 Dehinc
1289 2826 1474 2886 sanctarum
1494 2814 1598 2902 Serip-

401 2922 447 2991 20
474 2937 618 2995 turarum
638 2927 906 2996 medicaminibus
921 2929 1131 3016 exhortando,
1148 2939 1180 2998 et
1199 2949 1306 2997 rerum
1321 2928 1498 2996 caelestium
1518 2927 1597 2994 mul·

471 3053 539 3111 tum
560 3043 719 3132 protunda
737 3043 926 3113 mirabiliter
949 3046 1151 3135 exponendo,
1176 3054 1209 3114 et
1236 3064 1320 3113 nova
1341 3045 1490 3133 quaedam
1508 3041 1596 3132 quasi

408 3138 412 3144 ⁵
467 3158 536 3246 jam
555 3155 678 3226 caelitus
700 3169 825 3226 erectus
845 3160 1025 3229 hauriendo
1052 3160 1200 3249 mystica,
1221 3159 1317 3227 corda
1341 3157 1514 3227 humilium
1534 3177 1594 3224 nou

470 3270 589 3339 desinit
608 3272 736 3340 relicere
754 3274 887 3341 fratrum
908 3273 1114 3342 devotissime
1137 3273 1406 3362 interrogantium
1425 3282 1459 3339 et
1479 3271 1592 3339 humil-

470 3383 545 3452 lime
568 3386 832 3471 auscultantium,
857 3387 1068 3456 ncvissimam
1094 3399 1267 3475 expectans
1290 3388 1403 3454 horam
1427 3403 1592 3475 quousque

395 3501 442 3571 25
471 3505 567 3580 [Fet.
592 3505 685 3582 ιη]
706 3501 812 3568 terciae
831 3501 918 3568 horae
938 3501 1069 3589 signum
1087 3499 1234 3568 auditum
1255 3511 1316 3568 est.

481 3651 484 3657 ·
511 3614 602 3681 Tunc
630 3632 705 3681 vero
728 3612 837 3681 audito
865 3614 928 3681 hoc
951 3613 1045 3703 signo
1067 3641 1075 3682 :
1100 3641 1114 3674 α
1138 3613 1278 3702 Surgite,
1304 3612 1422 3701 inquit,
1447 3632 1587 3697 oremus3

466 3748 539 3797 ecce
557 3728 635 3795 hora
653 3727 770 3817 quietis
788 3727 1004 3796 serenissimae
1019 3728 1089 3796 seni
1106 3727 1171 3815 iam
1192 3727 1339 3796 deliranti
1361 3727 1588 3815 appropinqua-

463 3844 522 3913 vit.
544 3845 626 3912 Ecce
644 3843 740 3912 modo
756 3844 823 3932 Jam
838 3844 1026 3932 panduntur
1038 3843 1128 3932 regni
1148 3842 1297 3912 caelorum
1318 3853 1427 3930 portae.
1449 3843 1587 3930 Trophea

463 3959 582 4029 Christi
606 3958 674 4047 jam
701 3958 833 4027 micant.
856 3959 968 4028 Castra
994 3959 1130 4047 fulgent.
1160 3959 1321 4025 AEthereae
1343 3957 1409 4045 jam
1438 3963 1585 4044 apparent

391 4077 437 4147 30
461 4075 584 4162 plateae.
606 4072 682 4141 Caeli
711 4073 796 4141 cives
823 4092 919 4162 quam
947 4073 1080 4162 pulchre
1103 4069 1335 4140 ostenduntur!
1366 4070 1438 4137 Jam
1465 4069 1584 4137 invidus

404 4268 408 4272 g
459 4190 543 4259 livor
569 4189 705 4275 inimici,
735 4191 789 4278 qui
818 4191 871 4258 vix
899 4209 972 4258 raro
994 4192 1091 4258 etiam
1115 4209 1218 4279 usque
1243 4187 1338 4256 modo
1361 4186 1500 4256 illudere
1525 4205 1582 4254 non

459 4317 649 4391 cessaverat,
668 4307 734 4396 jam
755 4306 863 4374 studio
881 4325 956 4375 caso
979 4317 1170 4394 prostratus,
1191 4304 1367 4372 tabefactus
1390 4312 1424 4371 et
1446 4301 1579 4386 sancius,

457 4422 606 4512 princeps
632 4419 810 4492 demonum
834 4419 990 4492 abscedit.
1014 4418 1124 4492 Nolite
1150 4437 1239 4508 ergo,
1265 4415 1452 4490 electissimi
1476 4415 1580 4484 iratres
