3459 5667
184 726 307 797 Daniel
329 729 431 798 Unua.

185 841 335 911 Gradion
354 842 456 915 Fiam.

185 953 319 1025 Concae
339 956 535 1028 Cherccncc.

184 1069 297 1139 Budic
314 1071 397 1142 Mur.

184 1182 330 1274 Fragual
351 1188 510 1260 Fradlecc.

185 1297 333 1369 Gradicn
355 1298 543 1373 Piueireucr.

184 1414 320 1484 Auisret
338 1416 531 1487 Alesrudon.

185 1520 283 1597 Diics
303 1530 457 1621 Heirguor
476 1530 611 1603 Chehre.

138 1713 141 1720 Δ
184 1642 296 1713 Budic
313 1644 384 1715 Bud
404 1646 539 1721 Berhuc.

186 1758 331 1830 Binidic.
358 1750 359 1753 '

187 1875 277 1945 Alan
298 1875 471 1947 Canhiarh.

187 1990 298 2062 chel
318 1992 436 2064 Huuel.
823 2057 830 2078 ,

85 2130 86 2135 ,
684 2084 737 2152 Lv
833 2176 835 2183 s

188 2320 326 2391 Festum
346 2322 479 2393 ecclesie
493 2322 594 2391 sancti
610 2321 806 2413 Guygualoei
821 2321 852 2390 in
871 2320 1056 2409 insulaque
1075 2318 1272 2410 Thopepigia
1344 2289 1352 2316 ’

141 2438 324 2529 vulgariter
349 2439 480 2524 dicitur,
510 2450 558 2509 est
586 2440 619 2508 in
647 2439 735 2508 omni
759 2458 844 2508 anno
867 2437 1027 2508 dominica
1047 2436 1270 2527 primiani,

142 2572 212 2642 qua
237 2553 289 2622 dic
313 2552 518 2624 visitantibus
541 2553 715 2643 predictam
738 2552 904 2625 ecclesiam
926 2563 1003 2624 sunt
1025 2570 1140 2641 magne
1162 2548 1272 2621 indul·
1303 2554 1359 2625 15.

142 2666 264 2771 gencie
282 2688 443 2741 concesse.

676 2864 744 2939 LVI

190 3106 270 3184 [Ροί.
286 3112 304 3169 3
319 3124 418 3184 verso,
435 3114 505 3171 acte
518 3108 698 3189 marqcnate,
716 3111 845 3171 cariture
859 3108 902 3169 dcc
916 3107 991 3170 ΧΙΙο
1004 3108 1116 3185 ciceia]

193 3263 388 3335 Guilieimus
411 3275 443 3334 et
465 3266 611 3335 Crehuen
636 3284 695 3335 sua
717 3265 832 3357 conjux
858 3275 891 3334 et
914 3265 1000 3334 filius
1017 3285 1097 3333 suus
1115 3262 1272 3333 dederunt

38 3406 39 3409 ¹
146 3386 268 3445 terram
301 3379 332 3445 in
371 3379 506 3469 Pengiiii
543 3390 654 3449 sancto
690 3379 933 3469 GuuinguaIcec
965 3378 999 3446 in
1030 3376 1272 3447 disccnbicicne

147 3502 273 3582 eterna,
295 3494 383 3562 omni
403 3493 511 3563 debito
530 3495 681 3583 liberam„
695 3505 727 3564 et
745 3496 785 3565 de
809 3496 949 3585 qualibet
968 3495 1063 3564 domo
1082 3493 1170 3563 illius
1189 3503 1272 3563 terre

147 3626 253 3678 unum
272 3607 440 3678 denarium
459 3609 491 3677 in
512 3609 682 3679 festivitate
701 3609 804 3680 sancti
824 3610 1048 3700 Guingualcei.
1301 3587 1347 3656 20

672 3916 752 3985 LVII

194 4143 269 4223 [Fol.
286 4150 419 4221 averso,
436 4151 506 4207 arte
524 4146 706 4225 marciaalc,
724 4150 854 4209 e'critcre
868 4146 911 4209 du
925 4144 1018 4211 XIII·
1030 4146 1141 4227 siecle]
1189 4149 1192 4156 '

198 4308 388 4394 [Gtulelmus
408 4310 492 4381 titius
515 4312 662 4381 Germael
687 4322 719 4383 et
740 4314 827 4404 Agar
850 4332 908 4387 sua
933 4320 1037 4398 [ιηςοῑ
1058 4323 1135 4387 snm
1158 4310 1275 4401 reoepfi
1297 4267 1300 4275 '
1323 4272 1328 4279 ·
1358 4310 1360 4314 .

105 4518 112 4531 Ι
152 4422 187 4494 in
214 4424 411 4499 fraternitate
441 4425 534 4499 istius
556 4427 685 4519 domus,
707 4439 749 4521 „et
772 4428 818 4503 iili
841 4428 920 4504 dant
946 4430 1113 4505 karitative
1138 4428 1277 4521 singulis
