3459 5667
890 544 1087 615 -108-

685 834 756 904 ΧΗ,
778 872 820 886 -
840 836 889 903 Dc
908 835 1109 903 concursibus
1127 851 1289 919 equorum.

511 1075 633 1165 Pompa
652 1073 770 1142 ducum
790 1073 894 1142 iuerat
913 1073 1060 1142 reiocum
1081 1092 1197 1142 cursus
1215 1092 1385 1164 equorum,

466 1189 586 1274 ideali,
606 1188 740 1257 Fracani
759 1207 901 1277 quoquc,
922 1186 1104 1275 deindeque
1122 1185 1252 1254 condita
1271 1205 1386 1255 cursus

467 1302 567 1393 Cujus
585 1320 740 1372 mensura
758 1302 792 1369 in
812 1320 876 1391 qua
896 1303 952 1391 qui
972 1301 1112 1370 velocior
1130 1308 1216 1370 esset

465 1418 673 1487 Monstretur.
695 1415 823 1500 Subito,
843 1436 902 1484 ceu
921 1416 1036 1505 pernix
1055 1415 1141 1484 altus
1160 1433 1317 1504 equorum

465 1534 531 1601 Aut
549 1530 665 1619 aquilae
683 1529 883 1617 accipitrisve
903 1529 1041 1615 volatus,
1062 1549 1177 1596 cursus
1197 1528 1344 1597 habetur.

467 1645 530 1716 Sed
550 1666 630 1736 puer
648 1643 844 1732 increpitans
862 1643 918 1733 qui
938 1642 1022 1711 sedit
1040 1652 1130 1731 terga
1147 1642 1274 1730 cavaiii,

466 1760 572 1848 Lapsu
590 1767 781 1848 prostratus,
803 1758 951 1827 moritur.
973 1758 1047 1826 Mox
1066 1757 1122 1825 sed
1142 1757 1317 1845 redivivus,

467 1872 618 1944 Cernitur
635 1873 762 1942 adstare
780 1864 930 1960 pedibus,
951 1881 1063 1940 sancto
1082 1871 1285 1942 adveniente.

634 2154 719 2223 xiil.
740 2191 785 2206 -
803 2156 850 2223 Dc
868 2157 1009 2223 Patricio
1026 2175 1081 2240 per
1098 2173 1246 2222 sumnum
1264 2157 1341 2222 uiso.

511 2402 571 2471 His
590 2401 635 2471 ita
653 2401 834 2491 completis,
855 2422 973 2493 magno
992 2402 1070 2472 dum
1090 2402 1177 2472 sessa
1195 2401 1306 2472 labore

467 2515 611 2586 Membra
628 2515 811 2606 soporiduae
830 2516 993 2586 modicum
1013 2517 1136 2585 deuexa
1154 2515 1253 2606 quieti

469 2637 566 2714 [not.
591 2635 686 2713 110]
706 2630 871 2719 Aptasset,
892 2649 1007 2699 somno
1025 2630 1102 2698 hnic
1120 2629 1225 2698 clarus
1243 2647 1356 2720 presso
1374 2628 1486 2699 leviori

394 2749 400 2754 “
466 2745 603 2813 Presens
623 2743 656 2810 in
675 2743 766 2811 vultu
784 2743 880 2812 niveo
899 2743 1080 2832 comparuit
1098 2763 1171 2812 ecce
1473 2743 1548 2832 [quit

466 2858 530 2928 0re
548 2859 673 2927 micans
691 2857 822 2948 qnidam
842 2876 948 2942 roseo,
968 2874 1005 2926 ac
1023 2857 1188 2946 primum:
1209 2884 1223 2918 n
1241 2857 1301 2926 Hic
1318 2857 1367 2926 uir
1385 2856 1451 2941 hic,
1470 2885 1484 2918 s
1500 2855 1548 2922 in·
1564 2878 1569 2888 ·

468 2973 668 3060 (Sermonem
687 2973 845 3060 exorsus),
869 2999 884 3032 c
906 2991 1002 3062 quem
1021 2971 1138 3061 quaeris
1157 2971 1273 3040 habere
1292 2972 1494 3060 magistrum.

464 3086 687 3174 Fluctivagare
704 3095 792 3153 tuam
813 3103 924 3153 sanam
941 3085 1009 3174 J‘am
1027 3085 1138 3153 desine
1157 3096 1320 3172 mentem3

464 3199 603 3267 Nomine
621 3217 698 3266 nam
717 3197 807 3266 dicor
826 3198 932 3267 cernis
951 3209 987 3266 ut
1004 3198 1065 3268 rite
1083 3199 1225 3268 Patricii.

465 3312 597 3401 ignotos
615 3311 705 3400 ponti
726 3311 874 3400 rurisque
892 3311 1039 3380 scindere
1057 3311 1140 3381 fines
1230 3357 1233 3364 ι

464 3427 551 3512 ΝοΙὶ,
572 3426 630 3496 sed
648 3426 735 3495 notis
753 3427 864 3516 patriae
882 3427 1065 3496 remanebis
1085 3427 1117 3495 in
1139 3426 1212 3496 istis

465 3540 613 3626 Finibus,
635 3551 731 3630 atque
750 3550 873 3626 tamen,
894 3541 1033 3610 undenis
1050 3541 1202 3610 iratribus
1221 3540 1338 3630 auctis,

466 3654 549 3722 Hinc
566 3653 645 3740 ibis3
666 3654 784 3722 solium
801 3674 866 3743 quo
886 3653 1035 3723 Christus
1052 3655 1200 3723 conditor
1218 3655 1324 3725 almus

465 3769 668 3857 Monstrabit,
689 3769 761 3839 luce
779 3769 939 3839 radiatum
958 3791 1085 3859 semper
1103 3770 1247 3840 habebis.

465 3884 613 3953 Preditus
632 3905 668 3952 es
687 3884 790 3971 libris,
811 3904 877 3953 non
896 3885 1020 3972 nescio,
1041 3885 1149 3972 irater,
1171 3885 1206 3952 in
1224 3885 1318 3954 almis
1339 3912 1348 3955 ε

466 3997 503 4064 ln
523 3998 574 4067 his
592 3999 742 4086 pervicax
762 3999 927 4068 meditare.
950 4001 1110 4069 Patronus
1129 4010 1161 4069 et
1179 3999 1286 4071 nimus

465 4111 538 4180 Non
557 4111 615 4180 tibi
635 4122 767 4180 sanctus
786 4112 899 4182 deesse
918 4122 1048 4202 putetur
1066 4133 1174 4183 amore
1193 4114 1356 4183 Bndocus.

466 4226 619 4295 Formuia
637 4225 692 4294 sed
711 4227 814 4296 nostri
834 4227 929 4317 longe
947 4223 1014 4295 non
1033 4227 1132 4296 distet
1150 4227 1190 4296 ab
1208 4247 1276 4297 ore.
1302 4257 1315 4291 a

465 4338 541 4408 Haec
558 4349 728 4429 postquam
748 4341 851 4410 nitido
869 4341 955 4410 dicta
972 4341 1173 4432 exposuisset
1191 4342 1231 4413 ab
1249 4361 1306 4412 oro
