3459 5667
670 555 847 623 ...23-

189 704 259 764 tum
278 701 352 763 cst:
373 718 386 753 a
409 690 544 778 Laetare,
556 691 698 781 juvenis,
714 695 749 763 iu
766 692 983 764 adolescentia
997 702 1065 764 tua.
1085 721 1099 757 o
1119 693 1184 763 Sed
1196 702 1319 784 tamen,

189 828 232 879 ne
252 807 327 898 quis
345 826 399 876 me
417 814 507 894 putet
530 807 600 876 haec
622 808 696 877 ideo
719 809 801 879 velle
825 809 966 880 scribere
985 817 1022 878 ut
1045 809 1229 879 infirmioris
1246 811 1322 900 qui-

188 922 316 1012 busque
350 922 581 1012 cujuscumque
612 923 716 993 aetatis
749 946 846 993 usum
878 924 1105 1014 predicationis
1136 944 1321 1014 presumere

188 1034 397 1106 concederem
425 1044 459 1104 et
486 1034 683 1105 adsacrum
710 1037 806 1107 citius
833 1038 1006 1107 ascendere
1032 1037 1192 1126 ordinem,
1221 1040 1321 1110 saeris

188 1151 333 1221 obiciens
363 1151 544 1220 canonibus
576 1152 631 1241 qui
660 1152 722 1221 hoc
749 1174 790 1223 ne
818 1154 874 1222 tiat
901 1153 1098 1223 omnimodis
1123 1154 1321 1224 unanimiter
1368 1154 1391 1223 5

187 1264 371 1356 prohibent,
393 1271 491 1348 [not.
514 1267 586 1353 es]
606 1274 716 1353 aperta
737 1266 861 1335 ratione
880 1277 1052 1357 cognoscat
1069 1267 1146 1357 quia
1164 1268 1320 1337 miracula

186 1378 316 1448 virtutis
334 1398 401 1446 non
424 1388 502 1446 sunt
524 1378 680 1447 trahenda
701 1380 737 1448 in
762 1381 910 1468 exemplo
935 1380 1081 1449 rationis.
1104 1380 1319 1469 Omnipotens

186 1492 308 1561 etenim
326 1492 413 1561 Deus
431 1500 464 1559 et
481 1490 609 1580 linguas
632 1492 794 1561 infantum
816 1493 893 1561 lacit
913 1492 1050 1563 disertas
1073 1503 1106 1561 et
1129 1511 1169 1563 cx
1191 1513 1247 1564 ore
1266 1493 1318 1561 iu·

186 1605 325 1675 santium
344 1614 439 1693 atquc
457 1603 644 1672 lactentium
663 1604 787 1693 perlicit
806 1604 947 1674 laudem.

231 1718 297 1787 Sed
319 1717 406 1785 aliud
429 1726 479 1786 est
501 1717 587 1806 quod
606 1737 667 1786 nos
689 1717 729 1785 de
753 1717 909 1787 doctrinae
932 1739 994 1788 usu
1017 1729 1115 1809 atquc
1138 1719 1317 1810 disciplinae
1346 1723 1390 1794 10

185 1830 355 1917 discimus,
375 1829 464 1898 aliud
482 1829 568 1918 quod
588 1828 628 1899 de
647 1830 803 1899 miraculo
823 1831 962 1918 scimus,
984 1851 1061 1900 nam
1084 1843 1117 1901 et
1134 1834 1317 1921 flezecniel,

185 1964 260 2013 cnm
284 1962 370 2012 auno
389 1943 492 2011 aetatis
515 1964 583 2011 suae
602 1943 764 2011 tricesimo
783 1945 959 2032 prophetie
981 1945 1131 2035 spiritum
1154 1948 1318 2044 accepisse

184 2057 348 2145 scribitur,
372 2057 449 2125 hinc
466 2056 560 2125 nobis
580 2075 735 2146 magnum
751 2056 873 2146 aliquid
892 2057 1013 2127 indicat
1031 2059 1314 2147 considerandum,

184 2170 335 2242 videlicet
352 2169 441 2259 quia,
457 2170 549 2258 juxta
567 2166 703 2239 rationis
722 2190 831 2256 usum,
853 2169 1008 2240 doctrinae
1027 2191 1220 2241 sermonen
1239 2194 1317 2263 sup·

183 2286 264 2374 petit
292 2284 355 2353 nisi
382 2284 417 2352 in
440 2293 533 2353 aetate
559 2284 699 2372 perlecta
729 2310 738 2352 ι
767 2283 855 2353 unde
883 2294 917 2353 et
941 2285 1010 2374 ipse
1032 2287 1203 2376 Dominus,
1231 2306 1318 2359 anno
1345 2292 1388 2360 15

183 2398 376 2469 duodecimo
394 2400 498 2469 aetatis
518 2420 585 2469 sum
609 2399 643 2467 in
668 2398 775 2468 medio
793 2399 963 2469 doctorum
982 2402 1016 2468 in
1040 2402 1160 2490 templo
1184 2404 1315 2491 sedens,

183 2536 251 2585 non
279 2515 400 2586 docens
426 2514 484 2584 scd
505 2514 713 2603 winterrogans
740 2512 843 2582 voluit
874 2512 1025 2582 inueniri.
1056 2516 1099 2584 Ut
1130 2516 1217 2584 enim
1248 2537 1315 2586 non

183 2630 339 2698 auderent
356 2626 506 2697 homines
525 2626 560 2693 in
579 2625 706 2693 infirma
724 2629 817 2693 aetate
836 2623 963 2711 docere,
984 2626 1039 2695 ille
1059 2634 1156 2711 [mot.
1179 2648 1233 2701 es
1262 2639 1313 2716 νῦ]

182 2762 269 2813 anno
286 2739 477 2810 duodecimo
495 2739 599 2808 aetatis
622 2758 691 2807 suae
709 2739 907 2827 interrogare
927 2738 1077 2809 homines
1096 2752 1146 2810 est
1163 2742 1316 2831 diguatus

182 2858 216 2927 in
236 2866 334 2943 terra,
353 2855 410 2944 qui
429 2873 486 2944 per
511 2853 711 2923 divinitatem
739 2872 832 2921 snam
855 2872 982 2941 semper
1005 2852 1099 2923 docet
1123 2856 1257 2945 angelos
1280 2859 1314 2926 in
1339 2865 1386 2933 ΞΟ

180 2972 274 3057 caelo,
300 2970 376 3060 quia
399 2969 486 3038 enim
508 2968 578 3057 ipse
606 2980 656 3037 est
683 2967 741 3035 Dei
769 2966 926 3056 sapientia
946 2994 955 3036 z
976 2967 1016 3037 de
1042 2968 1112 3058 ipso
1135 2971 1241 3059 augeli
1263 2972 1314 3042 ui·

180 3085 288 3156 dendo
306 3083 422 3152 bibunt
440 3082 527 3173 quod
547 3081 747 3151 beatitudine
765 3091 885 3149 aeterna
903 3082 1070 3150 satiantur.

226 3200 319 3283 Quod
338 3200 464 3287 Moyses
484 3216 614 3287 quoque
635 3195 695 3265 suh
723 3195 885 3285 allegoriae
907 3196 1060 3285 mysterio
1083 3210 1247 3270 ammonet
1263 3201 1314 3270 di-

180 3336 290 3386 ceus:
319 3342 334 3377 c
361 3314 433 3383 Non
457 3312 563 3382 arabis
586 3312 620 3380 in
644 3310 859 3399 primogenito
877 3310 987 3379 'bovis
1016 3339 1031 3373 a
1057 3312 1312 3403 Primogenitum

179 3430 268 3501 enim
295 3430 387 3499 bovis
412 3428 587 3516 accipimus
610 3426 644 3493 in
664 3426 791 3511 infirma
809 3433 904 3493 aetate
921 3425 1024 3493 nostri
1043 3426 1139 3514 primi
1157 3428 1312 3515 temporis
1338 3432 1383 3505 25

179 3546 298 3615 honam
323 3542 556 3631 operationem,
581 3540 615 3607 in
643 3558 707 3627 qua
730 3548 839 3607 tamen
862 3536 1020 3606 arandum
1043 3558 1109 3606 non
1133 3549 1195 3624 est,
1221 3540 1309 3629 quia,

179 3679 253 3729 cum
273 3656 377 3746 prima
395 3663 472 3723 suut
488 3652 715 3721 adulescentiae
737 3650 786 3720 vel
803 3650 986 3740 juventutis
1010 3661 1131 3721 nostrae
1152 3663 1309 3742 tempora,

179 3775 274 3844 nobis
295 3773 401 3844 adhuc
422 3790 441 3841 a
468 3770 685 3860 predicatione
706 3768 899 3838 cessandum
924 3778 984 3854 est,
1006 3779 1042 3836 ut
1059 3789 1170 3838 romeu
1191 3771 1311 3860 linguae

178 3899 297 3959 nostrae
311 3885 514 3978 prescindere
533 3905 599 3953 non
616 3884 733 3953 audeat
751 3892 868 3951 terram
883 3881 990 3951 cordis
1008 3882 1117 3952 alieni.
1133 3884 1310 3975 Quousque

179 4004 300 4074 etenim
324 4002 444 4070 inlirmi
470 4020 597 4087 sumus,
624 3998 783 4067 contineri
809 4018 870 4066 uos
898 3996 984 4065 intra
1009 3998 1228 4088 nosmetipsos
1251 4000 1308 4071 de·
1335 4009 1380 4079 30

177 4119 304 4205 bemus,
325 4137 379 4205 ne,
401 4118 479 4186 dum
497 4117 614 4185 bonam
636 4123 734 4199 [rot.
749 4121 816 4198 aa]
837 4125 956 4183 terram
976 4114 1072 4184 citius
1090 4115 1306 4205 ostendimus,

178 4232 377 4317 amittamus,
393 4231 469 4321 qnia
487 4241 519 4300 et
537 4230 667 4299 arbusta
682 4229 838 4319 plantata,
859 4228 888 4297 si
906 4228 996 4317 prius
1013 4228 1048 4296 in
1066 4239 1151 4298 terra
1168 4230 1308 4300 radicata

178 4367 244 4418 nou
262 4347 394 4434 luerint,
410 4364 509 4414 manu
527 4352 612 4415 tacta
630 4343 727 4413 citius
747 4354 915 4430 arescunt;
931 4360 980 4431 ac,
1001 4342 1031 4412 si
1047 4344 1148 4413 semel
1165 4343 1307 4414 radicem
