3459 5667
942 582 1118 653 ..gr-

505 718 728 811 Externasque
747 739 856 809 neces,
877 721 951 792 cbm
970 723 1086 793 victrix
1102 722 1167 792 alta
1186 722 1324 810 sederet,

506 835 651 905 Praedam
670 835 787 926 partita
805 856 954 906 cesorum
972 846 1005 908 et
1022 847 1146 927 partem
1165 837 1345 907 inimicam.

873 1165 1047 1240 CAPUT
1082 1165 1178 1240 XXI

693 1408 785 1492 Item,
805 1408 842 1474 dc
860 1408 972 1490 sutoro
989 1408 1127 1492 ciusdem
1144 1411 1353 1492 reparatione.

547 1644 624 1713 Haec
641 1655 691 1714 est
709 1644 885 1732 cornubia,
904 1663 1096 1736 magnorum
1114 1664 1232 1736 magna
1250 1655 1420 1735 pareutum

502 1759 604 1829 Mater
621 1770 654 1829 et
671 1760 808 1851 aegregie
825 1760 981 1831 virtutum
1001 1762 1095 1833 laude
1113 1773 1283 1852 potentum

502 1874 546 1942 Et
562 1873 675 1943 muudi
695 1886 911 1964 pugnatorum
930 1886 964 1945 et
981 1877 1076 1946 caelos
1094 1877 1310 1947 habitantum.

503 1991 594 2078 Qum,
615 1993 825 2083 quamvisque
842 1995 941 2064 modo
956 1994 1057 2084 jacuit
1075 2014 1247 2084 suppressa
1265 1995 1327 2064 sub
1345 1994 1457 2084 armis,

501 2104 656 2175 Robustis
674 2106 783 2177 nitens
800 2107 906 2177 valide
924 2128 1117 2198 consurgere
1137 2109 1223 2179 natis

501 2217 576 2286 Mor
594 2229 701 2287 tamen
720 2219 864 2309 incipiet,
886 2221 982 2290 faeiat
1000 2222 1027 2290 si
1047 2221 1176 2292 condita
1190 2223 1289 2312 justa.

503 2335 561 2405 Sin
581 2337 685 2429 aliter,
706 2358 881 2430 suppressa
899 2341 955 2410 diu
974 2352 1007 2411 et
1024 2342 1172 2412 conflicta
1187 2341 1318 2432 jacebit.

860 2663 1035 2739 CAPUT
1066 2665 1187 2738 XXII

631 2903 679 2967 Dc
696 2901 786 2967 Riooi
803 2903 907 2968 eoacti
920 2903 1052 2986 predicti
1068 2905 1267 2969 suscitatione
1285 2904 1410 2968 matris.

388 3132 432 3204 to
501 3139 561 3208 His
579 3159 654 3228 ergo
674 3138 718 3207 ita
736 3140 936 3230 compositis,
952 3141 1137 3230 nuntiatum
1151 3151 1202 3210 est
1219 3140 1320 3209 Rioco
1339 3149 1472 3208 matrem
1493 3155 1596 3207 suam

458 3263 643 3342 aegrotasse,
663 3253 703 3320 ad
722 3271 820 3342 quam
838 3253 957 3321 dimitti
976 3253 1169 3323 visitandum
1193 3261 1289 3336 [nol.
1311 3270 1365 3322 aa
1388 3258 1436 3335 νο]
1461 3252 1595 3340 flagita-

456 3366 524 3451 bat,
550 3367 607 3436 sed
634 3368 730 3436 verba
753 3368 897 3456 Magistri
924 3367 1105 3437 obiciebant
1133 3369 1270 3437 dicentis
1298 3379 1442 3436 mortuos
1467 3365 1595 3435 dimitti

457 3481 573 3550 debere
591 3482 726 3571 sepelire
743 3493 890 3550 mortuos
909 3502 997 3552 suos.
1014 3484 1099 3550 Dum
1119 3503 1195 3553 vero
1214 3483 1363 3552 anxiatus
1382 3501 1455 3572 erga
1474 3481 1595 3550 matris

458 3615 525 3664 suae
553 3595 773 3666 infirmitatem
798 3597 938 3666 muitum
965 3597 1098 3666 relaxari
1123 3619 1158 3666 se
1181 3596 1382 3686 deprecando
1405 3595 1591 3682 videbatur,

386 3706 437 3812 iii
456 3710 588 3780 tandem
606 3711 827 3802 proficiscendi
845 3711 968 3801 accepit
986 3712 1162 3780 licentiam.
1180 3712 1316 3781 Sanctus
1335 3721 1443 3780 autem
1463 3709 1593 3778 sciebat

457 3827 547 3896 illam
572 3827 641 3915 jam
668 3846 740 3895 esse
767 3837 941 3913 mortuam,
968 3826 1079 3894 diviua
1104 3827 1304 3914 providentia
1329 3826 1587 3894 demonstrante.

456 3941 515 4009 lile
538 3940 679 4028 denique
702 3939 860 4028 concitus,
883 3960 950 4009 uno
973 3940 1112 4029 quodam
1138 3960 1239 4030 puero
1262 3939 1378 4008 comite
1401 3949 1591 4024 eontentuS,

456 4066 585 4145 accepta
602 4074 621 4123 a
640 4055 793 4144 magistro
811 4073 894 4145 aqua
913 4055 1094 4142 benedicta,
1116 4055 1178 4124 iter
1194 4068 1324 4124 aeturus
1344 4055 1495 4143 perrexit.

500 4172 634 4238 Etcum
653 4169 693 4238 ad
713 4170 819 4238 locum
838 4169 873 4236 iu
892 4189 958 4258 quo
977 4180 1104 4237 mortua
1118 4169 1245 4258 jacebat
1259 4169 1457 4254 advenisset,
1473 4187 1590 4237 omnes

382 4281 429 4354 20
457 4284 512 4375 qui
536 4295 628 4355 erant
652 4284 830 4353 circaeam
858 4285 1093 4354 tumultuantes
1118 4283 1211 4373 ejecit
1234 4285 1331 4373 iores,
1352 4284 1524 4373 increpans
1549 4301 1589 4352 ac
