3459 5667
940 597 1136 669 -132-

478 744 568 826 pater
585 735 654 825 ejus
672 745 705 806 et
726 735 895 826 Riuualus,
916 737 1105 810 Domnuniae
1128 738 1207 827 dux,
1226 759 1326 831 equus
1348 759 1426 810 suos
1442 739 1590 810 ducerent

477 851 673 941 incursum,
696 851 788 942 lapsu
809 853 916 924 subito
938 876 1018 945 puer
1043 855 1255 948 supersedens
1280 855 1411 926 Fracani
1436 855 1589 926 caballum

478 965 563 1035 inter
589 966 789 1036 acutissimas
816 980 922 1056 petras
949 949 1126 1059 prostratus
1155 990 1191 1040 ac
1218 970 1325 1039 statim
1354 981 1502 1040 mortuus
1530 978 1588 1040 est.

476 1080 545 1150 Illis
563 1093 669 1151 autem
692 1081 775 1151 circa
792 1082 886 1151 illum
909 1084 1158 1156 lamentantibus
1182 1085 1589 1177 apparuitwuiuualccus,

428 1194 574 1284 5[uot.
600 1219 679 1274 m
696 1209 744 1287 vt]
774 1212 807 1272 et
838 1203 965 1274 hisdem
998 1206 1197 1298 rogantibus,
1228 1206 1372 1277 oratione
1400 1226 1458 1296 pro
1487 1226 1526 1277 eo
1552 1203 1590 1276 ad

476 1317 578 1388 mum
596 1319 710 1410 effusa,
729 1321 948 1393 ressuscitavit
964 1321 1057 1394 illum
1076 1334 1107 1395 et
1124 1321 1268 1394 reddidit
1280 1323 1361 1414 patri
1380 1343 1452 1394 suo.

927 1625 1028 1692 Lectio
1051 1623 1142 1692 Vtri.

484 1846 486 1851 '
520 1842 579 1916 llis
597 1855 630 1916 et
647 1845 721 1916 aliis'
737 1845 908 1917 uirtutibus
927 1847 996 1938 ejus
1014 1848 1162 1937 plurimis
1180 1846 1401 1934 manifestatis,
1417 1845 1536 1916 affabili
1555 1863 1590 1916 ac

474 1960 707 2052 benignissimo
737 1962 839 2032 sancti
875 1961 1019 2050 Patricii,
1053 1962 1310 2054 llybernensium
1346 1961 1502 2049 doctoris,
1536 1980 1591 2052 per

474 2079 581 2148 noctis
600 2080 756 2149 visionem
780 2080 899 2150 fruitus
919 2089 968 2150 est
989 2081 1141 2170 alloquio.
1161 2081 1203 2151 Et
1225 2079 1352 2150 edocuit
1368 2081 1460 2150 illum
1483 2083 1591 2151 omnia

407 2187 451 2258 10
476 2214 547 2284 quae
566 2213 659 2284 agere
677 2195 817 2264 deberet.
834 2196 891 2266 llle
910 2215 998 2282 vern,
1019 2216 1093 2266 cum
1112 2205 1226 2266 cuncta
1245 2216 1305 2266 suo
1323 2196 1506 2286 replicasset
1525 2215 1591 2266 ma-

475 2307 587 2398 gistro,
617 2309 766 2378 undecim
794 2305 955 2381 iratribus
975 2307 1037 2380 sibi
1065 2311 1238 2402 adjunctis,
1267 2312 1328 2381 iter
1353 2311 1590 2381 Domuonicum

475 2446 621 2517 carpens,
645 2427 774 2498 tandem
798 2429 838 2498 ad
861 2431 1000 2500 insulam
1027 2432 1262 2522 Thopepigyam
1288 2432 1412 2502 delatus
1434 2441 1496 2501 est.
1521 2430 1590 2514 Qua

475 2543 614 2634 denique
633 2555 705 2633 post
725 2545 898 2614 triennium
921 2555 1048 2635 tempus
1070 2544 1232 2631 derelicta,
1253 2546 1313 2614 iter
1331 2544 1486 2632 mirabile,
1505 2552 1591 2611 coetu

474 2659 608 2727 fratrum
628 2669 828 2748 assequente,
848 2680 904 2749 per
921 2660 1115 2750 profundum
1134 2659 1209 2729 lecit
1226 2659 1368 2750 pelagus.
1388 2660 1465 2728 Erat
1482 2668 1590 2726 autem

407 2771 449 2842 15
475 2775 556 2874 situs
585 2776 715 2866 quidam
731 2776 821 2867 juxta
848 2776 951 2845 litoris
970 2796 1057 2847 oram
1078 2777 1110 2844 in
1130 2776 1235 2846 medio
1254 2776 1343 2855 siluae
1360 2775 1498 2866 positus.
1520 2774 1589 2842 Huc

474 2910 550 2981 ergo
568 2911 642 2960 oum
664 2891 867 2962 aduenissent
890 2902 922 2962 et
945 2893 1023 2962 inibi
1051 2914 1106 2962 eos
1134 2892 1277 2962 babitare
1300 2893 1482 2978 delectaret,
1507 2906 1590 2979 aqua

474 3007 670 3076 omnimodis
696 3007 823 3097 deerat,
852 3007 910 3078 sed
938 3007 992 3078 ille
1013 3027 1032 3078 a
1055 3028 1118 3099 quo
1140 3008 1225 3077 sicca
1247 3027 1343 3097 rupes
1366 3026 1481 3097 aquam
1497 3005 1589 3096 jussa

475 3117 929 3212 [1³01.1a⁸]estlundere,
959 3123 1093 3213 sontem,
1123 3121 1322 3193 Uuinualoeo
1349 3129 1494 3212 rogante,
1524 3139 1588 3188 mom

403 3293 411 3337 Ι.
473 3235 637 3308 modicum
655 3237 729 3309 lecit
748 3235 916 3309 inundare.

937 3535 1040 3606 lectio
1059 3537 1119 3606 lX.

402 3751 447 3831 20
516 3761 638 3837 Eodem
651 3779 778 3856 quoque
791 3771 946 3852 tempore,
963 3761 1072 3832 statim
1091 3770 1127 3830 ut
1140 3758 1230 3830 locus
1247 3757 1301 3828 ille
1315 3757 1450 3828 habitari
1465 3766 1588 3846 coeptus

473 3884 528 3971 sit,
555 3882 706 3972 antiquus
728 3877 861 3948 humani
887 3877 1014 3969 generis
1039 3877 1141 3946 bostis
1164 3874 1319 3946 versutias
1339 3893 1493 3945 renovare
1515 3891 1589 3942 suas

472 3998 624 4069 aduersus
645 3996 749 4065 uirum
770 3994 841 4080 Dei,
869 3994 903 4061 in
932 3993 1138 4082 omnigenum
1163 4011 1198 4061 se
1224 3991 1455 4060 transformans
1478 4008 1587 4057 mons·

471 4123 571 4202 trum,
592 4111 764 4202 maioribus
778 4108 962 4180 calliditatis
981 4129 1049 4178 suae
1063 4129 1133 4178 sese
1152 4109 1269 4177 frustra
1283 4127 1401 4177 acuens
1419 4124 1586 4196 argumen-

471 4227 527 4315 tis,
546 4227 653 4319 coepit.
675 4225 775 4297 Sedu
797 4224 866 4295 uiro
892 4223 949 4292 Dei
975 4223 1108 4308 viriliter
1134 4233 1315 4312 superatus,
1336 4221 1435 4291 nichil
1458 4221 1585 4291 demum

399 4333 444 4405 25
471 4343 687 4415 contradicere
703 4360 814 4424 ausus,
834 4339 980 4409 loetorem
1002 4338 1132 4432 reliquit
1153 4338 1341 4430 pessimum,
1361 4346 1459 4430 atque
1477 4335 1583 4409 statim

469 4449 545 4534 bum
564 4455 847 4550 omn'i‘ignominia
864 4453 1031 4529 abscessit.
