3459 5667
934 638 1091 704 ...4-

489 776 572 847 xvt.
602 776 650 846 De
680 774 820 867 quodam
848 775 958 845 ovium
990 774 1125 846 custode
1155 773 1268 845 nimiis
1299 774 1575 846 coruscationibus

445 890 633 978 conterrito,
653 887 709 960 sed
728 890 768 959 ab
786 891 900 961 eodem
921 901 1034 960 sancto
1053 911 1109 979 per
1128 890 1356 959 revelationem
1375 901 1496 980 erepto.

490 1006 591 1100 [mot.
613 1013 652 1091 a]
671 1006 769 1078 XVII.
791 1009 871 1077 Item
890 1008 932 1077 de
949 996 1094 1097 ejvs'dem
1112 1007 1249 1078 visionis
1267 1008 1478 1097 expositione.

488 1122 601 1191 XVIII.
623 1123 669 1206 De
687 1122 821 1193 tracani
836 1131 869 1192 et
887 1122 1007 1209 Riuali,
1023 1122 1214 1191 Damnoniae
1227 1121 1333 1208 ducis,
1350 1132 1480 1212 propter
1496 1140 1573 1192 suos

395 1234 418 1304 5
444 1235 585 1306 caballos
608 1230 829 1307 velocissimos
854 1235 978 1306 ludicra
1001 1235 1222 1326 contentione,
1243 1247 1276 1310 et
1298 1236 1339 1306 de
1360 1236 1478 1306 virtute
1500 1255 1572 1326 quae

296 1378 307 1383 ·
444 1348 563 1419 ibidem
583 1349 668 1420 lacta
685 1360 735 1420 est
753 1349 906 1419 mirabili.

486 1466 571 1536 XIX.
592 1466 639 1537 De
657 1467 722 1536 alta
740 1466 947 1561 cogitatione,
963 1487 1034 1558 qum
1049 1467 1082 1537 in
1096 1486 1152 1537 cor
1165 1466 1235 1557 ejus
1249 1466 1391 1559 irrepsit,
1406 1479 1442 1538 ut
1461 1477 1572 1539 sancta

443 1581 513 1651 loca
537 1580 570 1648 in
597 1580 717 1671 quibus
738 1580 893 1650 Patricius
917 1581 1021 1651 luerat
1044 1593 1253 1651 conversatus
1271 1580 1435 1667 inviseret,
1456 1578 1512 1650 sed
1531 1579 1571 1649 ab

443 1693 556 1764 eodem
579 1695 777 1763 ammonitus
803 1694 837 1762 in
860 1694 984 1764 somnis
1008 1714 1050 1765 ne
1074 1704 1244 1785 vagaretur
1264 1705 1298 1765 et
1319 1695 1426 1766 solum
1449 1693 1510 1764 sibi
1536 1692 1570 1762 in

372 1801 416 1871 lll
443 1807 505 1877 ista
523 1807 690 1877 Armorica
709 1808 854 1878 sufficere
872 1827 1041 1878 remanere
1060 1818 1155 1879 terra.

486 1925 557 1995 XX.
582 1927 630 1995 Ile
652 1925 797 2016 ejusdem
822 1925 959 1997 visionis
981 1925 1138 1997 relatione
1159 1926 1245 2019 apud
1267 1927 1357 2019 pium
1380 1926 1570 2018 magistrum

442 2052 475 2111 et
492 2041 546 2130 pia
563 2042 634 2132 ejus
651 2041 876 2133 responsione.

486 2156 571 2226 XXI.
594 2159 640 2227 De
657 2158 820 2248 figmentis
838 2178 1071 2251 gyrovagorum
1090 2160 1243 2231 vitandis.

484 2270 584 2339 XXII.
605 2271 686 2342 ltem
704 2271 744 2343 de
762 2284 906 2345 extrema
923 2276 1069 2367 magistri
1087 2276 1308 2348 valedicentia.

520 2779 756 2864 Exnnmmnu
785 2777 981 2863 Gavrunm
1007 2776 1114 2862 Imm
1141 2798 1262 2860 antur.
1292 2777 1489 2862 iucurrnrm

918 2930 1090 2995 suonam.

367 3186 412 3258 ta
484 3188 509 3256 I.
531 3186 580 3257 De
597 3187 785 3277 egressione
803 3186 874 3277 ejus
891 3204 910 3256 a
929 3187 1072 3278 predicto
1090 3185 1231 3273 seniore,
1250 3184 1406 3276 permissa
1424 3185 1565 3273 licentia,

439 3321 513 3371 cum
532 3300 683 3370 undecim
703 3300 868 3389 iratribus,
884 3313 917 3371 et
935 3301 976 3371 de
994 3301 1137 3392 ejusdem
1152 3300 1301 3370 familiari
1319 3299 1564 3386 ammonitione,

440 3424 538 3501 [mot.
559 3433 587 3487 ο
607 3422 655 3499 m]
684 3416 762 3485 dum
791 3417 852 3487 iter
878 3428 1023 3507 agerent,
1047 3417 1210 3508 quomodo
1237 3437 1273 3487 se
1295 3430 1407 3487 contra
1431 3415 1567 3486 insidias

438 3530 563 3621 antiqui
582 3530 686 3601 hostis
705 3543 769 3601 tam
789 3543 884 3602 caute
902 3543 1045 3621 agerent.

482 3644 523 3712 11.
545 3645 592 3713 Dc
611 3644 739 3734 egregia
759 3644 902 3735 ejusdem
922 3645 1027 3715 laude.

364 3756 410 3828 20
481 3756 537 3825 Ill.
561 3757 606 3826 lle
624 3756 693 3848 ejus
712 3759 847 3828 transitu
868 3780 925 3848 per
947 3779 1047 3850 pagos
1070 3760 1304 3849 Dumnonicos,
1325 3760 1416 3831 etde
1435 3759 1496 3831 loci
1514 3759 1566 3829 in·

435 3868 588 3939 ventione
606 3879 703 3960 atque
721 3870 762 3941 de
779 3872 850 3963 ejus
868 3874 1066 3943 conditionis
1084 3875 1269 3963 asperitate.

479 3983 551 4053 IIII.
587 3985 667 4054 Item
701 3984 741 4055 ad
774 3990 974 4077 querendum
1008 3990 1105 4059 alium
1142 3990 1246 4059 locum
1276 3991 1316 4059 de
1344 3990 1442 4059 maris
1472 3977 1591 4060 divisi

435 4097 587 4181 transitu,
607 4109 640 4167 et
658 4098 698 4168 de
717 4100 831 4178 fundo,
852 4103 987 4172 lustrata
1007 4103 1103 4191 valle,
1124 4104 1157 4172 in
1178 4104 1284 4174 medio
1303 4105 1373 4194 ejus
1391 4114 1528 4194 reperto.

481 4211 519 4279 V.
540 4212 587 4280 De
608 4212 668 4280 loci
688 4214 824 4283 introitu
844 4229 876 4284 et
895 4218 965 4306 ejus
984 4218 1060 4286 situ.

362 4322 408 4395 25
480 4324 533 4393 Ill.
556 4326 603 4394 De
621 4326 744 4395 obtimo
765 4329 899 4398 fratrum
919 4331 1051 4400 servitio
1070 4342 1167 4421 utque
1185 4331 1446 4404 familiarissimo.

479 4438 549 4507 llll.
570 4438 618 4509 De
636 4457 728 4529 aquae
745 4440 914 4531 petitione.
