3459 5667
632 595 809 664 ...87-

152 740 255 824 enirn,
266 738 410 808 arbitrati
424 736 576 827 pecunias
591 743 647 820 [se]
664 735 980 828 repperluros[nol.
1003 749 1059 806 os
1081 741 1130 820 νο]
1152 736 1283 826 multas,

151 857 343 926 invaserunt
372 854 522 922 horreum
551 863 706 939 uestrum,
733 863 764 921 et
789 872 879 921 nnnc
903 852 1066 940 masurpia
1090 872 1216 936 corum,
1244 872 1286 920 ne

151 971 246 1040 vacui
279 968 428 1051 redeant,
461 969 574 1036 sarcire
606 968 794 1056 disponunt.
830 965 895 1036 Sed
928 976 1035 1034 tamen
1069 967 1165 1036 sinite
1198 966 1282 1036 illos.

150 1085 273 1154 Potens
304 1093 355 1152 est
388 1082 476 1150 eninr
510 1083 598 1151 Deus
628 1091 660 1150 et
687 1080 816 1149 illorum
844 1081 988 1149 conuerti
1016 1079 1125 1166 corda,
1154 1090 1189 1148 ut
1218 1101 1284 1151 non

151 1197 264 1267 minus
289 1195 449 1265 caelaetern
477 1195 610 1283 cupiant
637 1194 827 1262 thesaurum
851 1194 952 1264 iurari
980 1213 1077 1283 quam
1104 1202 1281 1265 terrenum.
1333 1197 1356 1266 5

150 1311 234 1379 Nam
253 1308 280 1378 si
299 1307 430 1397 quidem
450 1307 501 1376 his
524 1306 806 1396 nonindigerent,
827 1308 939 1376 forsan
961 1327 1029 1376 rem
1053 1316 1120 1376 turn
1142 1307 1285 1377 detesta-

150 1423 249 1492 bilem
268 1438 471 1511 nequaquam
490 1422 642 1492 facerent.
658 1422 795 1491 »Nichil
813 1423 907 1512 plura
926 1423 1054 1492 locutus
1068 1441 1181 1493 omnes
1191 1423 1284 1514 jubet

148 1555 255 1608 orare.

194 1648 445 1740 Egredientibus
463 1660 572 1719 auteur
593 1649 659 1719 illis
680 1649 721 1720 de
743 1650 940 1720 monasterio
963 1649 1102 1739 graviter
1125 1650 1280 1740 oneratis,

34 1796 35 1802 1
147 1771 261 1833 uuum
288 1763 369 1850 baec,
397 1763 481 1831 sicut
503 1762 662 1850 dixerant,
682 1762 750 1832 lieo
775 1761 996 1852 displicerent,
1023 1762 1177 1832 innotuit.
1198 1763 1280 1832 Nam
1311 1763 1354 1834 10

146 1880 274 1970 primus
287 1898 412 1964 eorum,
427 1878 567 1968 superbe
580 1878 643 1947 sub
656 1897 755 1947 onere
769 1879 937 1965 incedens,
949 1877 1097 1967 protinus
1110 1878 1145 1946 in
1159 1888 1280 1947 terram

146 2001 330 2082 prostratus
352 2002 414 2079 est,
439 2009 581 2081 coxaque
603 1993 675 2082 ejus
699 1992 856 2080 perfracta
878 2001 912 2060 et
935 1990 1147 2077 comminuta,
1179 1991 1279 2059 miser

90 2125 93 2132 ·
146 2107 320 2196 depressus
333 2123 432 2175 onere
443 2107 580 2195 jacebat.
597 2107 688 2175 Alter
701 2127 778 2176 vero
791 2107 1008 2196 subsequens,
1025 2105 1096 2174 lixis
1111 2105 1145 2175 in
1161 2115 1279 2176 terram

146 2222 298 2314 pedibus,
322 2221 414 2290 nullo
433 2221 530 2290 modo
549 2221 626 2291 binc
643 2223 694 2291 vel
714 2222 790 2291 inde
809 2222 930 2291 moveri
951 2242 986 2290 se
1005 2221 1106 2313 [nol.
1131 2221 1203 2312 so]
1223 2240 1280 2290 va·

146 2337 231 2422 lens,
243 2335 336 2424 qnasi
351 2333 476 2423 lignum
491 2335 655 2423 plantatus
667 2335 905 2426 aequanimiter,
921 2335 996 2403 lieet
1009 2334 1144 2420 invitus,
1160 2335 1276 2404 stabat.
1308 2340 1352 2410 15

29 2518 32 2524 ,
145 2448 280 2518 Tercius
297 2457 485 2516 autemnon
500 2450 651 2538 longeab
665 2450 717 2518 bis
733 2449 871 2535 distans,
888 2449 989 2518 densa
1002 2450 1169 2537 perculsus
1187 2449 1279 2517 creci-

144 2571 226 2650 tate,
241 2564 305 2632 buc
322 2573 419 2652 atque
433 2564 510 2633 illuc
523 2563 733 2633 discurrendo
747 2575 822 2632 ante
840 2575 966 2652 portam
984 2564 1173 2634 monasterii
1191 2582 1278 2633 erra·

144 2675 202 2745 bat
220 2698 276 2768 per
293 2677 402 2748 littora
415 2681 638 2770 vagabundus.
655 2681 767 2750 Sedet
784 2691 932 2770 quartus,
948 2681 1002 2770 qni
1018 2682 1052 2749 in
1067 2682 1185 2770 scapha
1203 2701 1277 2750 cus·

144 2793 298 2864 tudiendu
321 2804 534 2884 spectaverat,
563 2796 656 2885 quasi
681 2797 873 2866 insaniendo
902 2817 977 2865 curn
1000 2797 1138 2866 stridore
1160 2813 1277 2886 magno

145 2909 264 2978 frustra
286 2910 321 2977 in
347 2910 482 2997 remigio
509 2910 664 3000 gestiens,
689 2911 760 2980 sine
782 2911 1025 2980 intermissione
1045 2911 1204 2979 clamabat
1225 2909 1278 2978 di·
1304 2907 1349 2978 20

143 3045 223 3095 cens
244 3053 252 3094 :
276 3029 436 3113 «Venite,
456 3028 609 3098 lurtiseril
630 3030 749 3117 venite,
771 3029 930 3118 pestiferi!
951 3030 1029 3119 quid
1048 3029 1163 3098 morati
1182 3028 1275 3116 estis,

144 3140 307 3218 malelidi!
341 3143 447 3211 Niobil
476 3142 512 3210 in
544 3142 684 3212 sortibus
717 3161 834 3212 sanum
866 3144 1031 3234 nichilque
1062 3143 1274 3232 prevalidum,

143 3252 245 3324 nicbil
259 3255 322 3324 nisi
341 3257 494 3324 stultumt
515 3255 671 3325 Thesauri
685 3257 794 3346 magni
810 3265 888 3326 snut
906 3258 1024 3346 quibus
1037 3259 1162 3326 onerati
1177 3257 1273 3342 estis3

143 3386 202 3438 uos
221 3371 356 3458 portatis
373 3389 484 3455 onera,
504 3392 566 3461 ego
588 3370 728 3440 dividam
747 3372 861 3461 spolia.
884 3372 969 3455 Quid
987 3372 1096 3440 enimi
1114 3369 1274 3460 numquid

142 3501 219 3552 nam
237 3484 390 3554 credibile
410 3485 503 3554 vobis
522 3486 629 3555 visum
654 3494 706 3554 est
726 3486 880 3576 majorem
904 3506 961 3555 vos
988 3495 1175 3575 accepturos
1201 3503 1272 3553 sor·
1300 3475 1345 3545 25

142 3604 229 3664 tem?
254 3597 349 3665 Mene
377 3597 475 3686 igitur
502 3598 543 3666 ad
572 3597 636 3668 ista
667 3597 741 3666 ideo
768 3598 965 3687 provocastis
995 3598 1102 3684 litora,
1132 3606 1169 3665 ut
1199 3597 1273 3666 istic

141 3708 330 3779 irritaretis?
348 3709 449 3802 [Ful.
478 3728 535 3780 oo
556 3710 608 3802 νῦ]
628 3713 700 3781 Non
726 3722 775 3781 est
799 3731 916 3780 sanum
941 3712 974 3780 in
994 3711 1083 3781 viros
1104 3712 1160 3801 qui
1181 3711 1270 3778 nullo

141 3823 241 3892 micbi
257 3824 356 3893 etiam
378 3825 552 3914 dignantur
575 3828 769 3916 respondere
791 3828 901 3898 verbo.
927 3855 941 3889 r
965 3827 1014 3896 llli
1037 3836 1145 3896 antem
1168 3825 1271 3893 mari·

141 3953 232 4003 nrum
255 3946 289 4006 et
312 3936 417 4027 triste,
438 3947 574 4028 urgente
596 3949 687 4010 metu
709 3950 743 4009 et
763 3939 888 4027 dolore,
912 3940 1067 4010 tenebant
1089 3937 1267 4009 silentium.
