3459 5667
654 611 817 681 .„,„

618 961 792 1035 CAPUT
824 962 862 1035 11

175 1208 223 1273 De
238 1208 304 1271 otro
319 1204 454 1286 quodam
466 1204 583 1269 illustri
597 1205 722 1268 nornine
735 1203 897 1288 Froocno,
910 1205 1033 1287 monac·
1046 1207 1165 1287 cespitis
1178 1214 1307 1290 propter

219 1322 324 1404 tedam
339 1323 549 1405 pestilentiam
566 1320 730 1403 desertore,
751 1326 844 1402 atque
862 1320 919 1384 sub
943 1323 1000 1385 troo
1018 1330 1154 1403 tempore
1172 1323 1308 1403 sendum

220 1434 398 1520 quomdam,
414 1436 505 1517 quasi
517 1434 614 1517 plebis
629 1436 723 1499 unius
741 1433 917 1518 modulum,
931 1435 967 1498 in
985 1435 1153 1500 Armorica
1172 1437 1308 1518 capiente

220 1566 355 1631 romono.

223 1788 325 1875 [mot.
351 1801 477 1855 nde
505 1790 556 1868 vo]
578 1785 665 1853 luter
683 1783 752 1852 baec
769 1791 877 1853 autem
893 1782 981 1875 [luit]
1001 1784 1051 1853 vir
1069 1784 1199 1875 quidam
1215 1787 1307 1859 illus·

177 1898 250 1985 tris,
267 1917 341 1987 spes
355 1897 453 1986 prolis
468 1896 581 1984 beatae,
598 1896 730 1965 nomine
743 1897 921 1980 Fraeanus,
937 1896 1064 1966 Catonii
1079 1900 1164 1989 regis
1178 1902 1309 1971 Britan·

176 2012 255 2099 nici,
275 2011 336 2079 viri
360 2010 540 2080 secundum
560 2011 705 2080 seculum
726 2010 946 2096 famosissimi,
967 2012 1194 2100 consobrinus,
1214 2016 1309 2106 cnjus

177 2129 283 2200 adhuc
310 2147 436 2197 sacrum
467 2128 500 2195 in
530 2128 650 2197 lumbis
678 2128 796 2197 latebat
825 2147 936 2197 semen
965 2129 1143 2199 secundum
1171 2132 1309 2203 Abrahae

177 2246 329 2327 formam,
351 2244 402 2313 cui
428 2243 550 2312 dietum
574 2253 623 2312 est
646 2244 733 2312 exire
754 2243 796 2312 de
819 2255 904 2313 terra
928 2255 960 2313 et
980 2244 1020 2314 de
1042 2246 1234 2335 cognatione
1251 2265 1311 2316 sua
1360 2238 1382 2307 5

178 2372 210 2432 et
228 2362 377 2430 daturum
397 2380 470 2429 esse
488 2360 517 2429 ei
541 2358 660 2429 ibidem
679 2361 855 2430 Dominum
882 2382 1007 2450 semen,
1034 2364 1067 2432 in
1092 2365 1185 2454 cujus
1212 2366 1312 2455 stirpe

177 2476 445 2547 benedicerentur
459 2496 573 2545 omnes
588 2476 719 2545 lamiliae
733 2487 837 2546 terrm.
856 2477 956 2567 Cujus
970 2499 1043 2547 cum
1063 2478 1160 2549 etiam
1177 2480 1310 2568 predicti

177 2594 263 2684 regis
276 2603 361 2661 terra
375 2590 509 2660 nomine
522 2589 619 2676 dicta,
635 2628 679 2640 —
694 2590 727 2658 in
742 2610 806 2679 qua
821 2600 910 2659 tanta
924 2590 1091 2680 sacrilegia
1104 2601 1137 2659 et
1151 2591 1313 2661 connubia

177 2708 286 2795 inepta
305 2704 516 2794 convivioque
539 2704 651 2774 illicita
670 2713 702 2773 et
721 2714 831 2791 stupra
850 2724 870 2774 a
888 2703 956 2773 beo
975 2704 1165 2774 inconcessa
1184 2704 1314 2774 fuerant

177 2829 371 2911 perpetrata,
392 2830 512 2907 quanta
530 2837 590 2886 nec
613 2817 697 2885 inter
716 2827 829 2907 gentes
847 2816 978 2906 quidem
997 2816 1101 2886 audiri
1128 2819 1247 2905 solent,
1270 2856 1311 2870 -
1342 2808 1385 2877 10

178 2934 292 3002 morbo
319 2932 407 3001 olido
438 2951 512 3000 cum
539 2930 652 3001 nidore
679 2930 872 3021 gravissimo
899 2931 1053 3020 sanieque
1082 2933 1229 3003 conlecta
1256 2954 1313 3022 per

178 3057 283 3117 totum
307 3066 390 3136 pene
412 3045 527 3114 suisset
551 3046 633 3133 (quae
659 3065 724 3113 non
753 3046 848 3134 longe
879 3051 977 3128 [not.
1006 3052 1072 3129 η]
1101 3056 1185 3136 post,
1216 3048 1313 3116 etiam

179 3162 259 3232 citra
288 3180 388 3244 mare,
418 3170 562 3230 teneram
590 3159 696 3230 adbuc
723 3160 870 3250 ejusdem
896 3160 1009 3231 matris
1040 3161 1138 3230 tiliam
1168 3163 1315 3231 insecuta
1398 3170 1401 3175 ’

179 3268 253 3366 est),
285 3277 345 3345 iste
373 3274 472 3365 igitur
501 3295 574 3344 cum
599 3275 748 3364 agnellis,
774 3274 809 3375 id
833 3263 883 3345 est
906 3276 1045 3366 geminis
1067 3275 1153 3346 natis
1176 3274 1315 3345 Uueith-

179 3410 262 3461 noco
285 3390 469 3478 tacoboque
492 3389 627 3473 vocatis,
648 3402 845 3480 parenteque
869 3390 1045 3460 eorundem
1069 3392 1152 3459 Alba
1180 3390 1313 3460 nomine
1344 3383 1387 3454 lo

179 3504 261 3593 (quae
280 3503 529 3592 cognominatur
550 3503 769 3592 Trimammis‚
790 3524 829 3574 eo
854 3505 940 3595 quod
960 3515 1083 3591 ternas,
1104 3515 1232 3596 aequato
1251 3526 1316 3574 nu·

180 3638 270 3687 mero
290 3627 454 3703 natorum,
474 3618 588 3687 babuit
602 3638 778 3704 mammas,
799 3639 876 3689 nam
889 3630 920 3688 et
939 3639 1052 3688 eorum
1072 3637 1225 3709 germana
1247 3639 1315 3690 non

180 3741 230 3801 est
249 3730 283 3799 in
304 3748 518 3799 mammarum
535 3730 657 3801 calculo
672 3733 862 3822 reputanda,
879 3733 954 3823 quia
968 3732 1161 3802 seminarum
1180 3753 1248 3803 non
1267 3742 1318 3803 est

180 3844 281 3915 moris
309 3844 344 3912 in
374 3846 534 3934 scriptura
561 3855 669 3915 texere
687 3847 931 3937 genealogiam),
952 3846 1082 3915 tandem
1102 3846 1315 3935 Armoricam,

181 3957 236 4027 ubi
262 3968 339 4028 tunc
364 3976 500 4048 opacum
524 3957 631 4029 adbuc
654 3960 724 4028 sine
750 3960 840 4030 clade
862 3958 1052 4028 audiebatur
1071 3959 1319 4029 siluisseterrae
1344 3960 1390 4031 20

181 4074 336 4166 spatium,
351 4085 420 4146 rate
438 4095 615 4147 conscensa
633 4076 830 4167 aggreditur,
846 4086 976 4148 enatato
990 4098 1065 4147 cum
1084 4076 1196 4166 paucis
1215 4085 1316 4164 ponto

181 4189 380 4278 Britannico,
409 4189 570 4279 tellurem,
592 4191 696 4261 Circio
717 4190 834 4261 leniter
856 4192 954 4261 dante
978 4190 1104 4260 delatus
1128 4189 1163 4258 in
1186 4199 1317 4279 portum

182 4304 237 4395 qui
266 4303 428 4374 Brahecus
456 4304 587 4374 dicitur,
608 4306 644 4374 ln
674 4324 749 4394 qua,
771 4306 881 4376 statim
906 4306 1051 4395 proxima
1078 4324 1215 4395 quaeque
1242 4323 1316 4393 per·

184 4417 339 4509 lustrans,
351 4418 483 4488 -hora
496 4420 582 4490 enim
598 4418 661 4490 diei
675 4430 744 4490 erat
756 4419 848 4511 quasi
865 4425 963 4505 [mol.
986 4435 1039 4490 ιι
1061 4424 1112 4503 vr]
1130 4416 1314 4507 undecima,
