3459 5667
609 600 806 671 -lbl—
898 658 902 665 .

140 736 281 809 miliaria
300 737 333 809 in
353 736 567 830 longitudine,
587 740 620 809 in
643 740 813 811 latitudine
831 739 897 809 duo
913 737 1063 825 miliaria,
1083 756 1158 807 cnm
1177 735 1267 807 silvis

139 863 173 922 et
192 854 287 945 aquis
310 843 342 923 et
363 854 475 942 pratis,
501 853 659 944 terrisque
683 854 780 924 cultis
802 863 835 924 et
856 852 999 940 incultis,
1020 862 1053 921 et
1070 851 1220 930 omnibus
1237 850 1267 919 ei

138 968 336 1058 apendiciis,
358 968 459 1061 [Ful.
483 984 561 1040 1⁸1
585 968 638 1062 v0]
657 980 689 1040 et
708 969 886 1040 aecclesiam
901 969 1026 1039 Sanctae
1040 966 1164 1054 Crucis,
1180 966 1268 1035 intus

138 1084 235 1173 urbe,
264 1104 337 1152 eum
365 1083 516 1153 omnibus
543 1084 613 1176 ejus
641 1084 828 1174 apendiciis,
858 1093 954 1173 atque
980 1081 1138 1153 aeclesiam
1165 1080 1268 1151 sancti

138 1197 246 1288 Cyrici
265 1207 354 1267 entra
373 1198 551 1285 civitatem3
572 1200 781 1291 eJusdemque
804 1198 908 1268 saneti
928 1197 1100 1285 aeclesiam,
1119 1216 1267 1268 omnem·
1316 1195 1339 1264 5

137 1332 203 1403 que
223 1312 362 1383 insulam
380 1334 452 1403 quae
474 1315 661 1385 nominatur
682 1315 764 1387 Batb
783 1316 948 1401 Uuenran,
968 1334 1043 1384 cum
1067 1311 1219 1381 omnibus
1238 1310 1266 1380 ei

137 1428 318 1518 apendiciis
337 1439 370 1498 et
388 1428 558 1503 dimidium
579 1430 677 1501 unius
700 1430 826 1501 vicariae
848 1450 921 1520 quae
942 1428 1130 1498 nominatur
1149 1426 1265 1513 Sulsae,

138 1544 203 1614 sita
222 1544 258 1612 in
275 1564 356 1635 pago
373 1532 652 1636 Namnetensium,
669 1547 811 1638 quinque
824 1545 963 1637 miliario
977 1537 1100 1613 distans
1115 1544 1156 1612 ab
1174 1542 1265 1629 urbe,

137 1658 274 1749 ejusque
301 1660 434 1731 aeclesiae
459 1661 629 1732 dimidium
658 1683 731 1731 cnm
760 1661 911 1732 omnibus
938 1660 966 1728 ei
995 1656 1188 1749 apendiciis,
1221 1656 1268 1724 ita

138 1773 239 1842 etiam
258 1774 399 1845 decimas
418 1777 484 1845 vini
503 1777 552 1847 sui
571 1788 604 1847 et
622 1777 703 1846 duas
725 1786 831 1867 partes
854 1776 1051 1846 deeimarum
1077 1773 1216 1863 piscium
1236 1781 1268 1841 et
1295 1770 1338 1840 10

136 1887 197 1955 XX
216 1888 343 1959 modios
361 1890 437 1959 salis
456 1890 496 1960 dc
514 1891 641 1960 teloneo
662 1891 711 1959 vel
734 1911 834 1961 censu
853 1910 926 1976 suo,
947 1900 1045 1980 atque
1064 1888 1190 1957 modios
1208 1885 1267 1955 XX

37 2024 38 2029 ’
136 2006 253 2092 tritici,
272 2006 476 2097 decimasque
494 2029 665 2079 numerum
684 2008 810 2079 assidue
829 2018 861 2079 et
880 2009 1043 2078 teloneum
1062 2008 1113 2077 vel
1133 2026 1266 2075 censum

138 2120 219 2190 salis
241 2121 390 2210 liberum,
411 2144 606 2215 unoquoque
629 2144 727 2213 anno,
754 2126 875 2215 prelato
898 2134 1011 2195 sancto
1036 2123 1267 2212 Uuingualoaeo

138 2238 277 2328 ejusque
303 2240 409 2309 abbati
434 2241 568 2310 Iohanni
593 2241 627 2309 in
654 2242 885 2311 dicumbitione
910 2253 1006 2331 atque
1029 2241 1062 2308 in
1091 2239 1267 2309 hereditate

137 2365 307 2444 perpetua,
322 2376 380 2444 pro
395 2356 567 2425 stabilitate
581 2357 671 2447 regni
688 2364 784 2440 [1331.
809 2364 904 2440 333]
920 2367 951 2426 et
969 2377 1028 2447 pro
1047 2354 1267 2444 redemptione
1293 2344 1336 2415 15

137 2469 258 2537 animae
281 2491 372 2557 suae„
387 2470 454 2540 sive
477 2492 535 2561 pro
557 2471 752 2561 longevitate
773 2472 912 2541 liliorum
935 2491 1066 2542 suorum
1088 2481 1185 2561 atque
1208 2490 1266 2560 pro

139 2584 312 2653 animabus
329 2595 495 2674 parentum
511 2606 658 2673 suorum,
675 2586 742 2655 sive
756 2586 902 2655 vivorum
916 2597 1013 2676 atque
1027 2585 1263 2655 defunctorum.

138 2698 206 2769 Ista
239 2699 458 2771 misericordia
492 2703 586 2790 lacta,
620 2700 779 2772 meditans
809 2721 899 2771 more
931 2701 1086 2790 sapientis
1117 2710 1264 2789 ventura,

136 2815 239 2904 jussit
268 2818 352 2886 banc
377 2817 620 2908 privilegionem
648 2820 762 2907 lacere,
791 2827 828 2887 ut
856 2818 885 2887 si
914 2817 1013 2906 aliqui
1041 2817 1167 2887 venturi
1199 2816 1266 2886 sint

141 2930 242 3021 (quod
261 2932 393 3001 minime
412 2932 583 3021 eredimus)
598 2932 653 3029 qni
675 2934 758 3002 banc
776 2931 984 3021 scriptionem
997 2931 1159 2999 voluerint
1176 2931 1265 2999 lran·
1291 2919 1336 2989 20

139 3066 217 3135 gere
244 3057 299 3115 aut
324 3046 455 3135 violare,
477 3048 581 3117 sciant
608 3048 731 3117 alienos
758 3068 794 3117 se
820 3047 888 3116 lore
910 3065 929 3116 3
952 3046 1077 3115 cunctis
1099 3045 1266 3115 liminibus

140 3174 260 3233 sanctae
279 3164 336 3233 Dei
355 3164 500 3249 aeclesiae,
522 3175 554 3234 et
573 3166 616 3234 sit
633 3182 706 3254 pars
724 3185 835 3235 eorum
854 3186 928 3234 cum
948 3164 1074 3232 bathan
1093 3173 1125 3231 et
1142 3162 1264 3231 Abiron

141 3299 225 3367 quos
243 3289 325 3347 terra
344 3278 523 3367 deglutivit,
544 3299 604 3348 nec
621 3284 708 3363 [non]
725 3300 798 3349 cum
818 3278 896 3348 luda
910 3288 942 3348 et
960 3278 1063 3347 Pilato
1077 3277 1133 3368 331
1152 3278 1264 3347 Domi-

139 3414 221 3463 num
236 3395 473 3465 crucifixerunt.
495 3396 591 3465 Terra
610 3407 720 3465 sancta
733 3416 788 3465 eos
808 3396 964 3485 cymiterii
984 3417 1049 3465 non
1068 3394 1213 3483 recipiat,
1233 3401 1265 3461 et

139 3508 198 3577 lilii
218 3528 327 3577 eorum
347 3510 449 3578 orlani
469 3520 500 3579 et
518 3530 633 3579 uxores
657 3530 768 3580 eorum
787 3510 904 3579 viduae.
925 3510 966 3578 lli
990 3519 1067 3579 sunt
1088 3519 1187 3580 testes
1209 3507 1265 3597 331
1292 3502 1337 3570 25

140 3626 314 3698 audieruut
333 3639 365 3698 et
383 3629 532 3699 viderunt
547 3630 615 3699 baec
637 3630 745 3699 omnia
766 3659 774 3699 ι
796 3629 880 3699 blan
895 3630 971 3717 dux,
988 3630 1127 3698 ludbaeel
1142 3647 1262 3717 comes,

140 3740 300 3812 luthouen
319 3743 590 3834 archiepiscopus,
611 3744 762 3814 Hedrenn
781 3744 966 3835 episcopus,
987 3743 1162 3813 Blenliuett
1180 3741 1266 3831 epis·

140 3878 253 3951 copus,
285 3860 387 3953 [nor.
410 3877 490 3932 nse
513 3868 562 3945 v0]
596 3861 723 3931 llouuel
755 3882 880 3949 comes,
912 3862 1051 3947 Vuerec,
1086 3861 1263 3948 Nnuenoae,

141 3973 288 4045 Saluator
312 3975 494 4066 episcopus,
521 3974 621 4046 lestiu
646 3975 836 4062 vicecomes,
860 3974 948 4044 Diles
975 3976 1164 4063 vicecomes,
1194 3972 1265 4042 Pri·

140 4089 234 4181 tient,
268 4092 467 4181 Uuetbenoc‚
500 4094 672 4183 Amalgod,
704 4078 858 4182 Ambedr,
894 4091 1146 4181 Cbenmareboc,
1180 4091 1259 4176 Nut,
1292 4084 1336 4156 30

141 4202 249 4295 Hnon,
268 4206 410 4297 Moysen,
431 4207 534 4276 etalii
554 4206 683 4296 plurimi
701 4206 826 4294 fideles,
847 4206 903 4296 331
925 4206 1075 4276 viderunt
1099 4215 1132 4276 et
1151 4204 1262 4275 audie-

143 4329 219 4389 runt
246 4323 466 4393 testimonium
494 4322 577 4392 sicut
600 4320 758 4413 scriptum
786 4332 846 4391 est.
878 4322 919 4390 Et
946 4321 1001 4410 331
1032 4321 1177 4412 frangere
1209 4331 1265 4390 aut
