3459 5667
525 694 660 786 Ordine,
680 717 755 766 eum
773 715 864 769 suern
883 699 1077 789 praefulgens
1096 715 1228 786 eernere
1246 694 1366 767 Christi
1388 723 1397 766 a

528 810 684 880 Summus
702 811 757 901 qui
777 811 841 882 diei
861 813 978 884 memit
996 813 1179 902 speculator
1196 811 1236 880 ah
1255 809 1349 897 actis,

524 924 631 993 Vitam
651 927 707 1015 qui
726 947 855 996 summo
874 927 1013 1016 portavit
1031 948 1106 998 cum
1125 926 1291 1015 speculata

526 1044 622 1121 [rot.
645 1058 702 1111 eu
722 1048 772 1125 νο]
792 1043 925 1114 Aeetam
945 1043 1082 1129 heremi,
1102 1042 1166 1112 nisi
1188 1061 1263 1112 eum
1288 1047 1429 1129 questus
1447 1045 1614 1106 moueatur

523 1152 756 1225 AEeelesiarum
778 1185 787 1225 a
808 1157 850 1226 oh
869 1158 932 1228 hoe
950 1157 1111 1245 intentus,
1131 1157 1196 1228 eite
1214 1155 1408 1226 discutiebat
1462 1151 1612 1241 [ahnrtus

524 1266 614 1354 Orta,
639 1268 696 1337 sed
715 1269 907 1341 innumeros
925 1273 1067 1342 stabilita
1085 1273 1118 1340 in
1138 1291 1217 1361 paee
1235 1269 1382 1355 sedabat3

518 1380 581 1482 itte
600 1381 698 1450 dehin
718 1404 866 1454 remeans
885 1386 996 1454 eadem
1016 1404 1145 1476 qunque
1164 1405 1236 1474 quae
1255 1394 1330 1452 ante
1350 1383 1479 1472 gerebat
1499 1409 1508 1450 ε

522 1494 672 1565 [temnus
691 1507 723 1567 et
741 1498 923 1569 innumeris
942 1503 1016 1569 erim
1036 1499 1281 1589 Uuinguaiueus
1300 1499 1334 1566 in
1352 1497 1432 1568 actis

521 1608 592 1677 Prae
610 1611 737 1680 cunetis
755 1612 859 1701 fulsit,
881 1614 1110 1683 heremitarum
1129 1614 1212 1682 bene
1230 1613 1334 1682 iaetus

522 1721 644 1811 Ahhas,
665 1725 791 1794 excelso
810 1727 967 1796 virtutum
986 1725 1129 1796 eulmine
1147 1725 1265 1795 clarus.

522 1836 610 1906 Ante
627 1848 736 1908 tamen
756 1839 879 1909 dictum
896 1842 965 1930 jam
983 1840 1151 1911 scanderat
1169 1841 1239 1928 ipse
1257 1847 1419 1908 sacratum

521 1950 679 2039 Regmina
696 1964 786 2022 tanta
804 1955 910 2022 lunum
930 1955 1007 2023 dieti
1026 1974 1124 2044 quam
1143 1954 1239 2023 amhn
1258 1961 1417 2022 tenerent.

520 2064 656 2153 Jamque
675 2075 783 2136 tamen
803 2076 915 2137 ternos
933 2075 1130 2156 precesserat
1149 2066 1262 2137 urdine
1280 2075 1413 2136 sanetus

519 2177 667 2246 Eximius
686 2179 767 2248 istus
785 2180 964 2270 Tutguaius
983 2181 1129 2267 nomine,
1150 2181 1256 2250 clarus

438 2279 449 2300 '
521 2290 603 2358 Cum
623 2291 747 2361 meritis
766 2296 958 2382 menachus,
979 2296 1156 2364 multorum
1175 2291 1338 2382 exemplar
1357 2287 1526 2362 habendus
1545 2319 1554 2361 z

521 2405 759 2495 Cuiuscumque
778 2409 852 2476 sinu
871 2417 998 2498 caperet
1015 2411 1089 2477 edm
1108 2408 1253 2478 vestihus
1270 2406 1392 2498 ignem,

519 2517 592 2586 Non
612 2519 717 2608 tetigit
734 2521 864 2589 damma
882 2521 938 2590 sed
958 2521 1023 2590 leni
1042 2541 1114 2591 rure
1132 2520 1300 2590 madescit.

520 2631 584 2700 Sed
602 2653 677 2700 eum
695 2633 853 2704 eaetitihus
874 2635 972 2704 vitam
992 2646 1062 2706 tum
1081 2637 1163 2705 sorte
1182 2634 1324 2725 gerebat,

520 2746 602 2815 Chrn
620 2747 723 2816 ternis
742 2749 845 2837 patria
863 2750 1011 2819 munitur
1029 2749 1109 2819 inita
1128 2747 1301 2835 columnis,

519 2861 638 2943 Quarta
658 2873 779 2952 tamen,
800 2865 925 2949 vivens,
947 2886 1012 2955 quo
1032 2885 1166 2955 corpere
1183 2865 1306 2933 vixerat
1323 2861 1392 2952 ipse

519 2975 620 3066 [ποι.
639 2984 707 3060 οι]
729 2978 810 3047 Cum
825 2978 954 3047 Christe
973 2979 1063 3066 vivit,
1080 2979 1236 3068 quianon
1251 2977 1360 3045 minus
1374 2995 1446 3045 esse
1460 2983 1599 3065 putatur·

516 3091 578 3157 Ast
597 3090 696 3178 igitur
712 3090 847 3160 fulchris
866 3104 944 3160 tune
962 3093 1084 3161 eminet
1103 3093 1167 3160 alta
1187 3089 1355 3180 quaternis

517 3202 688 3274 Comuhiae
706 3207 822 3295 patria,
842 3228 951 3277 rerum
971 3227 1100 3298 quoque
1118 3207 1210 3296 eopia
1229 3204 1337 3295 plena,

516 3318 655 3388 Pulchre
674 3330 802 3410 compta
820 3323 912 3411 quasi
932 3332 1044 3390 ornata
1063 3323 1137 3390 cum
1157 3339 1275 3411 sponsa
1293 3319 1407 3390 decore

517 3434 689 3523 Egreditur
706 3435 861 3523 thalamo,
882 3455 1003 3528 sponse
1021 3435 1173 3506 ueniente
1189 3433 1340 3523 superbe.

886 3763 1068 3841 CAPUT
1104 3761 1180 3840 XX

769 4008 863 4095 item,
883 4008 920 4074 de
938 4007 1074 4092 ejusdem
1092 4006 1291 4090 subjectione.

556 4242 601 4313 At
619 4263 708 4313 nune
724 4262 835 4333 pressa
850 4243 948 4333 jacet,
968 4244 1104 4313 heroum
1123 4243 1235 4312 orbata
1254 4250 1424 4334 potentum

513 4359 610 4451 Cede,
631 4379 776 4450 gemens,
796 4357 892 4448 victa,
912 4369 1045 4431 externo
1065 4357 1126 4431 suh
1145 4359 1233 4432 iasee
1250 4357 1384 4445 reflexa,
