<?xml version="1.0" encoding="UTF-8"?>
<!DOCTYPE html PUBLIC "-//W3C//DTD XHTML 1.0 Transitional//EN"
    "http://www.w3.org/TR/xhtml1/DTD/xhtml1-transitional.dtd">
<html xmlns="http://www.w3.org/1999/xhtml" xml:lang="en" lang="en">
 <head>
  <title>
</title>
<meta http-equiv="Content-Type" content="text/html;charset=utf-8" />
  <meta name='ocr-system' content='tesseract 3.04.00' />
  <meta name='ocr-capabilities' content='ocr_page ocr_carea ocr_par ocr_line ocrx_word'/>
</head>
<body>
  <div class='ocr_page' id='page_1' title='image "./cartulairedelab00quimgoog_0167.png"; bbox 0 0 3459 5667; ppageno 0'>
   <div class='ocr_carea' id='block_1_1' title="bbox 941 576 1137 645">
    <p class='ocr_par' dir='ltr' id='par_1_1' title="bbox 941 576 1137 645">
     <span class='ocr_line' id='line_1_1' title="bbox 941 576 1137 645; baseline -0.01 0"><span class='ocrx_word' id='word_1_1' title='bbox 941 576 1137 645; x_wconf 69' lang='lat' dir='ltr'><strong>-liih-</strong></span> 
     </span>
    </p>
   </div>
   <div class='ocr_carea' id='block_1_2' title="bbox 406 716 1594 3338">
    <p class='ocr_par' dir='ltr' id='par_1_2' title="bbox 406 716 1594 3223">
     <span class='ocr_line' id='line_1_2' title="bbox 477 716 1591 809; baseline -0.003 -19"><span class='ocrx_word' id='word_1_2' title='bbox 477 726 510 790; x_wconf 89' lang='lat' dir='ltr'><strong>et</strong></span> <span class='ocrx_word' id='word_1_3' title='bbox 526 729 637 803; x_wconf 86' lang='lat' dir='ltr'><strong>auctor</strong></span> <span class='ocrx_word' id='word_1_4' title='bbox 655 729 752 809; x_wconf 88' lang='lat' dir='ltr'><strong>atque</strong></span> <span class='ocrx_word' id='word_1_5' title='bbox 773 720 927 809; x_wconf 82' lang='lat' dir='ltr'>pincerna</span> <span class='ocrx_word' id='word_1_6' title='bbox 944 718 1029 809; x_wconf 81' lang='lat' dir='ltr'><strong>rogis</strong></span> <span class='ocrx_word' id='word_1_7' title='bbox 1047 716 1213 787; x_wconf 90' lang='lat' dir='ltr'><strong>Gradloni.</strong></span> <span class='ocrx_word' id='word_1_8' title='bbox 1239 716 1277 785; x_wconf 92' lang='lat' dir='ltr'><strong>In</strong></span> <span class='ocrx_word' id='word_1_9' title='bbox 1300 717 1394 807; x_wconf 86' lang='lat' dir='ltr'><strong>cnjus</strong></span> <span class='ocrx_word' id='word_1_10' title='bbox 1410 717 1506 787; x_wconf 92' lang='lat' dir='ltr'><strong>domo</strong></span> <span class='ocrx_word' id='word_1_11' title='bbox 1528 728 1591 789; x_wconf 88' lang='lat' dir='ltr'><strong>erat</strong></span> 
     </span>
     <span class='ocr_line' id='line_1_3' title="bbox 478 832 1590 924; baseline 0 -20"><span class='ocrx_word' id='word_1_12' title='bbox 478 834 670 921; x_wconf 74' lang='lat' dir='ltr'><strong>GradlonuS,</strong></span> <span class='ocrx_word' id='word_1_13' title='bbox 685 856 741 904; x_wconf 79' lang='lat' dir='ltr'><strong>rer</strong></span> <span class='ocrx_word' id='word_1_14' title='bbox 758 836 941 923; x_wconf 89' lang='lat' dir='ltr'><strong>Britonum,</strong></span> <span class='ocrx_word' id='word_1_15' title='bbox 956 834 1085 924; x_wconf 90' lang='lat' dir='ltr'><strong>quando</strong></span> <span class='ocrx_word' id='word_1_16' title='bbox 1099 845 1256 903; x_wconf 86' lang='lat' dir='ltr'><strong>venerunt</strong></span> <span class='ocrx_word' id='word_1_17' title='bbox 1269 832 1375 902; x_wconf 86' lang='lat' dir='ltr'><strong>nuntii</strong></span> <span class='ocrx_word' id='word_1_18' title='bbox 1395 834 1480 923; x_wconf 82' lang='lat' dir='ltr'><strong>regis</strong></span> <span class='ocrx_word' id='word_1_19' title='bbox 1494 836 1590 904; x_wconf 84' lang='lat' dir='ltr'><strong>Fran-</strong></span> 
     </span>
     <span class='ocr_line' id='line_1_4' title="bbox 477 947 1592 1038; baseline 0.002 -21"><span class='ocrx_word' id='word_1_20' title='bbox 477 968 588 1018; x_wconf 83' lang='lat' dir='ltr'><strong>corum</strong></span> <span class='ocrx_word' id='word_1_21' title='bbox 613 949 745 1018; x_wconf 89' lang='lat' dir='ltr'><strong>nominc</strong></span> <span class='ocrx_word' id='word_1_22' title='bbox 770 949 920 1033; x_wconf 89' lang='lat' dir='ltr'><strong>[Karolus</strong></span> <span class='ocrx_word' id='word_1_23' title='bbox 941 950 1089 1038; x_wconf 83' lang='lat' dir='ltr'><strong>Magnus]</strong></span> <span class='ocrx_word' id='word_1_24' title='bbox 1112 947 1152 1017; x_wconf 91' lang='lat' dir='ltr'><strong>ad</strong></span> <span class='ocrx_word' id='word_1_25' title='bbox 1174 948 1278 1017; x_wconf 87' lang='lat' dir='ltr'><strong>illum.</strong></span> <span class='ocrx_word' id='word_1_26' title='bbox 1298 948 1376 1017; x_wconf 89' lang='lat' dir='ltr'><strong>Tres</strong></span> <span class='ocrx_word' id='word_1_27' title='bbox 1398 948 1504 1017; x_wconf 88' lang='lat' dir='ltr'><strong>nuntii</strong></span> <span class='ocrx_word' id='word_1_28' title='bbox 1529 951 1592 1019; x_wconf 75' lang='lat' dir='ltr'><strong>suc·</strong></span> 
     </span>
     <span class='ocr_line' id='line_1_5' title="bbox 433 1049 1590 1151; baseline 0 -17"><span class='ocrx_word' id='word_1_29' title='bbox 433 1118 436 1123; x_wconf 85' lang='lat'>.</span> <span class='ocrx_word' id='word_1_30' title='bbox 478 1074 566 1151; x_wconf 90' lang='lat' dir='ltr'><strong>runt,</strong></span> <span class='ocrx_word' id='word_1_31' title='bbox 601 1065 669 1133; x_wconf 90' lang='lat' dir='ltr'><strong>haec</strong></span> <span class='ocrx_word' id='word_1_32' title='bbox 700 1075 777 1135; x_wconf 90' lang='lat' dir='ltr'><strong>sunt</strong></span> <span class='ocrx_word' id='word_1_33' title='bbox 809 1065 941 1137; x_wconf 91' lang='lat' dir='ltr'><strong>nomina</strong></span> <span class='ocrx_word' id='word_1_34' title='bbox 972 1065 1103 1134; x_wconf 87' lang='lat' dir='ltr'><strong>illorum</strong></span> <span class='ocrx_word' id='word_1_35' title='bbox 1136 1094 1144 1132; x_wconf 79' lang='lat' dir='ltr'><strong><em>z</em></strong></span> <span class='ocrx_word' id='word_1_36' title='bbox 1179 1063 1379 1149; x_wconf 81' lang='lat' dir='ltr'>Florentius,</span> <span class='ocrx_word' id='word_1_37' title='bbox 1411 1049 1590 1148; x_wconf 81' lang='lat' dir='ltr'><strong>bladardus,</strong></span> 
     </span>
     <span class='ocr_line' id='line_1_6' title="bbox 429 1178 1592 1269; baseline 0.001 -21"><span class='ocrx_word' id='word_1_38' title='bbox 429 1178 452 1248; x_wconf 77' lang='lat'>5</span> <span class='ocrx_word' id='word_1_39' title='bbox 477 1178 685 1267; x_wconf 83' lang='lat' dir='ltr'><strong>Philibertus,</strong></span> <span class='ocrx_word' id='word_1_40' title='bbox 705 1189 770 1249; x_wconf 90' lang='lat' dir='ltr'><strong>tres</strong></span> <span class='ocrx_word' id='word_1_41' title='bbox 788 1180 891 1249; x_wconf 91' lang='lat' dir='ltr'><strong>sancti</strong></span> <span class='ocrx_word' id='word_1_42' title='bbox 910 1180 969 1248; x_wconf 86' lang='lat' dir='ltr'><strong>Ilei</strong></span> <span class='ocrx_word' id='word_1_43' title='bbox 987 1178 1234 1269; x_wconf 83' lang='lat' dir='ltr'><strong>religiosissimi,</strong></span> <span class='ocrx_word' id='word_1_44' title='bbox 1255 1197 1274 1246; x_wconf 93' lang='lat' dir='ltr'><strong>a</strong></span> <span class='ocrx_word' id='word_1_45' title='bbox 1296 1179 1364 1247; x_wconf 84' lang='lat' dir='ltr'><strong>Deo</strong></span> <span class='ocrx_word' id='word_1_46' title='bbox 1387 1178 1479 1248; x_wconf 88' lang='lat' dir='ltr'><strong>electi</strong></span> <span class='ocrx_word' id='word_1_47' title='bbox 1501 1190 1592 1269; x_wconf 89' lang='lat' dir='ltr'><strong>atque</strong></span> 
     </span>
     <span class='ocr_line' id='line_1_7' title="bbox 477 1292 1593 1383; baseline 0.003 -22"><span class='ocrx_word' id='word_1_48' title='bbox 477 1294 692 1383; x_wconf 80' lang='lat' dir='ltr'><strong>prenominati</strong></span> <span class='ocrx_word' id='word_1_49' title='bbox 712 1304 748 1363; x_wconf 90' lang='lat' dir='ltr'><strong>ut</strong></span> <span class='ocrx_word' id='word_1_50' title='bbox 766 1293 872 1363; x_wconf 89' lang='lat' dir='ltr'><strong>nuntii</strong></span> <span class='ocrx_word' id='word_1_51' title='bbox 893 1303 1001 1363; x_wconf 84' lang='lat' dir='ltr'><strong>essent</strong></span> <span class='ocrx_word' id='word_1_52' title='bbox 1018 1293 1059 1362; x_wconf 97' lang='lat' dir='ltr'><strong>ad</strong></span> <span class='ocrx_word' id='word_1_53' title='bbox 1074 1292 1285 1377; x_wconf 87' lang='lat' dir='ltr'><strong>Gradlonum,</strong></span> <span class='ocrx_word' id='word_1_54' title='bbox 1300 1302 1336 1360; x_wconf 90' lang='lat' dir='ltr'><strong>ut</strong></span> <span class='ocrx_word' id='word_1_55' title='bbox 1353 1292 1593 1381; x_wconf 80' lang='lat' dir='ltr'><strong>deprecarentur</strong></span> 
     </span>
     <span class='ocr_line' id='line_1_8' title="bbox 477 1408 1592 1500; baseline 0.002 -23"><span class='ocrx_word' id='word_1_56' title='bbox 477 1409 582 1493; x_wconf 87' lang='lat' dir='ltr'><strong>illurn,</strong></span> <span class='ocrx_word' id='word_1_57' title='bbox 615 1423 746 1500; x_wconf 91' lang='lat' dir='ltr'><strong>propter</strong></span> <span class='ocrx_word' id='word_1_58' title='bbox 774 1411 877 1480; x_wconf 87' lang='lat' dir='ltr'><strong>Deum</strong></span> <span class='ocrx_word' id='word_1_59' title='bbox 909 1410 1159 1499; x_wconf 87' lang='lat' dir='ltr'><strong>omnipotentem</strong></span> <span class='ocrx_word' id='word_1_60' title='bbox 1187 1419 1219 1477; x_wconf 88' lang='lat' dir='ltr'><strong>et</strong></span> <span class='ocrx_word' id='word_1_61' title='bbox 1246 1408 1365 1477; x_wconf 87' lang='lat' dir='ltr'><strong>Filium</strong></span> <span class='ocrx_word' id='word_1_62' title='bbox 1387 1419 1420 1478; x_wconf 90' lang='lat' dir='ltr'><strong>et</strong></span> <span class='ocrx_word' id='word_1_63' title='bbox 1442 1409 1592 1499; x_wconf 89' lang='lat' dir='ltr'><strong>Spiritum</strong></span> 
     </span>
     <span class='ocr_line' id='line_1_9' title="bbox 477 1522 1593 1612; baseline 0 -19"><span class='ocrx_word' id='word_1_64' title='bbox 477 1524 631 1593; x_wconf 89' lang='lat' dir='ltr'><strong>Sanctum</strong></span> <span class='ocrx_word' id='word_1_65' title='bbox 658 1535 690 1593; x_wconf 89' lang='lat' dir='ltr'><strong>et</strong></span> <span class='ocrx_word' id='word_1_66' title='bbox 716 1524 983 1595; x_wconf 82' lang='lat' dir='ltr'><strong>christianitatem</strong></span> <span class='ocrx_word' id='word_1_67' title='bbox 1011 1534 1043 1594; x_wconf 91' lang='lat' dir='ltr'><strong>et</strong></span> <span class='ocrx_word' id='word_1_68' title='bbox 1066 1522 1273 1612; x_wconf 90' lang='lat' dir='ltr'><strong>baptismum,</strong></span> <span class='ocrx_word' id='word_1_69' title='bbox 1298 1532 1335 1591; x_wconf 91' lang='lat' dir='ltr'><strong>ut</strong></span> <span class='ocrx_word' id='word_1_70' title='bbox 1356 1522 1452 1593; x_wconf 90' lang='lat' dir='ltr'><strong>citius</strong></span> <span class='ocrx_word' id='word_1_71' title='bbox 1476 1526 1593 1594; x_wconf 84' lang='lat' dir='ltr'><strong>ueniret</strong></span> 
     </span>
     <span class='ocr_line' id='line_1_10' title="bbox 477 1638 1593 1730; baseline 0.001 -24"><span class='ocrx_word' id='word_1_72' title='bbox 477 1638 627 1728; x_wconf 87' lang='lat' dir='ltr'><strong>adjuvare</strong></span> <span class='ocrx_word' id='word_1_73' title='bbox 644 1640 851 1730; x_wconf 89' lang='lat' dir='ltr'><strong>obprobrium</strong></span> <span class='ocrx_word' id='word_1_74' title='bbox 870 1640 1066 1708; x_wconf 82' lang='lat' dir='ltr'><strong>Francorum</strong></span> <span class='ocrx_word' id='word_1_75' title='bbox 1089 1648 1123 1707; x_wconf 90' lang='lat' dir='ltr'><strong>et</strong></span> <span class='ocrx_word' id='word_1_76' title='bbox 1144 1638 1360 1727; x_wconf 88' lang='lat' dir='ltr'><strong>captiuitatem</strong></span> <span class='ocrx_word' id='word_1_77' title='bbox 1383 1648 1416 1707; x_wconf 92' lang='lat' dir='ltr'><strong>et</strong></span> <span class='ocrx_word' id='word_1_78' title='bbox 1438 1638 1593 1707; x_wconf 89' lang='lat' dir='ltr'><strong>miseriam</strong></span> 
     </span>
     <span class='ocr_line' id='line_1_11' title="bbox 409 1750 1594 1843; baseline -0.003 -18"><span class='ocrx_word' id='word_1_79' title='bbox 409 1753 452 1825; x_wconf 85' lang='lat'><strong>10</strong></span> <span class='ocrx_word' id='word_1_80' title='bbox 478 1750 578 1843; x_wconf 73' lang='lat' dir='ltr'><strong>[nor.</strong></span> <span class='ocrx_word' id='word_1_81' title='bbox 606 1770 689 1822; x_wconf 75' lang='lat' dir='ltr'><strong>aaa</strong></span> <span class='ocrx_word' id='word_1_82' title='bbox 711 1754 759 1843; x_wconf 68' lang='lat' dir='ltr'><strong>m]</strong></span> <span class='ocrx_word' id='word_1_83' title='bbox 783 1772 907 1840; x_wconf 90' lang='lat' dir='ltr'><strong>eorum,</strong></span> <span class='ocrx_word' id='word_1_84' title='bbox 933 1754 1008 1842; x_wconf 88' lang='lat' dir='ltr'><strong>quin</strong></span> <span class='ocrx_word' id='word_1_85' title='bbox 1030 1754 1131 1821; x_wconf 88' lang='lat' dir='ltr'><strong>virtus</strong></span> <span class='ocrx_word' id='word_1_86' title='bbox 1154 1752 1202 1820; x_wconf 93' lang='lat' dir='ltr'><strong>illi</strong></span> <span class='ocrx_word' id='word_1_87' title='bbox 1231 1762 1341 1821; x_wconf 88' lang='lat' dir='ltr'><strong>erata</strong></span> <span class='ocrx_word' id='word_1_88' title='bbox 1372 1752 1439 1821; x_wconf 85' lang='lat' dir='ltr'><strong>Deo</strong></span> <span class='ocrx_word' id='word_1_89' title='bbox 1464 1752 1538 1821; x_wconf 90' lang='lat' dir='ltr'><strong>data</strong></span> <span class='ocrx_word' id='word_1_90' title='bbox 1562 1762 1594 1821; x_wconf 87' lang='lat' dir='ltr'><strong>nt</strong></span> 
     </span>
     <span class='ocr_line' id='line_1_12' title="bbox 406 1854 1594 1957; baseline 0.001 -22"><span class='ocrx_word' id='word_1_91' title='bbox 406 1854 426 1873; x_wconf 76' lang='grc'><em>”</em></span> <span class='ocrx_word' id='word_1_92' title='bbox 479 1866 598 1935; x_wconf 90' lang='lat' dir='ltr'><strong>deleret</strong></span> <span class='ocrx_word' id='word_1_93' title='bbox 615 1887 717 1957; x_wconf 82' lang='lat' dir='ltr'><strong>genus</strong></span> <span class='ocrx_word' id='word_1_94' title='bbox 735 1886 933 1957; x_wconf 80' lang='lat' dir='ltr'><strong>paganorum</strong></span> <span class='ocrx_word' id='word_1_95' title='bbox 952 1888 1007 1955; x_wconf 87' lang='lat' dir='ltr'><strong>por</strong></span> <span class='ocrx_word' id='word_1_96' title='bbox 1025 1866 1167 1956; x_wconf 81' lang='lat' dir='ltr'><strong>gladium</strong></span> <span class='ocrx_word' id='word_1_97' title='bbox 1190 1866 1332 1935; x_wconf 85' lang='lat' dir='ltr'><strong>Domini.</strong></span> <span class='ocrx_word' id='word_1_98' title='bbox 1352 1867 1394 1934; x_wconf 87' lang='lat' dir='ltr'><strong>Et</strong></span> <span class='ocrx_word' id='word_1_99' title='bbox 1411 1877 1485 1936; x_wconf 89' lang='lat' dir='ltr'><strong>vota</strong></span> <span class='ocrx_word' id='word_1_100' title='bbox 1503 1887 1594 1936; x_wconf 86' lang='lat' dir='ltr'><strong>uoue-</strong></span> 
     </span>
     <span class='ocr_line' id='line_1_13' title="bbox 479 1980 1594 2071; baseline 0.004 -24"><span class='ocrx_word' id='word_1_101' title='bbox 479 1990 555 2048; x_wconf 92' lang='lat' dir='ltr'><strong>runt</strong></span> <span class='ocrx_word' id='word_1_102' title='bbox 573 1980 618 2047; x_wconf 91' lang='lat' dir='ltr'><strong>illi</strong></span> <span class='ocrx_word' id='word_1_103' title='bbox 637 1980 725 2049; x_wconf 83' lang='lat' dir='ltr'>XIIII</span> <span class='ocrx_word' id='word_1_104' title='bbox 743 1982 888 2049; x_wconf 88' lang='lat' dir='ltr'><strong>civitates</strong></span> <span class='ocrx_word' id='word_1_105' title='bbox 907 1981 941 2048; x_wconf 93' lang='lat' dir='ltr'><strong>in</strong></span> <span class='ocrx_word' id='word_1_106' title='bbox 960 1990 1078 2049; x_wconf 91' lang='lat' dir='ltr'><strong>terram</strong></span> <span class='ocrx_word' id='word_1_107' title='bbox 1098 1982 1304 2069; x_wconf 81' lang='lat' dir='ltr'><strong>Francorum,</strong></span> <span class='ocrx_word' id='word_1_108' title='bbox 1321 1991 1353 2049; x_wconf 93' lang='lat' dir='ltr'><strong>et</strong></span> <span class='ocrx_word' id='word_1_109' title='bbox 1370 1981 1431 2050; x_wconf 93' lang='lat' dir='ltr'><strong>hoc</strong></span> <span class='ocrx_word' id='word_1_110' title='bbox 1449 1981 1496 2049; x_wconf 94' lang='lat' dir='ltr'><strong>illi</strong></span> <span class='ocrx_word' id='word_1_111' title='bbox 1511 1983 1594 2071; x_wconf 79' lang='lat' dir='ltr'><strong>jura-</strong></span> 
     </span>
     <span class='ocr_line' id='line_1_14' title="bbox 479 2087 1593 2186; baseline 0.003 -25"><span class='ocrx_word' id='word_1_112' title='bbox 479 2087 596 2162; x_wconf 82' lang='lat' dir='ltr'><strong>verunt</strong></span> <span class='ocrx_word' id='word_1_113' title='bbox 604 2094 748 2183; x_wconf 89' lang='lat' dir='ltr'><strong>jussione</strong></span> <span class='ocrx_word' id='word_1_114' title='bbox 766 2097 862 2185; x_wconf 82' lang='lat' dir='ltr'><strong>regis.</strong></span> <span class='ocrx_word' id='word_1_115' title='bbox 880 2096 921 2164; x_wconf 90' lang='lat' dir='ltr'><strong>Et</strong></span> <span class='ocrx_word' id='word_1_116' title='bbox 936 2096 990 2164; x_wconf 91' lang='lat' dir='ltr'><strong>ille</strong></span> <span class='ocrx_word' id='word_1_117' title='bbox 1004 2095 1175 2185; x_wconf 91' lang='lat' dir='ltr'><strong>spopondit</strong></span> <span class='ocrx_word' id='word_1_118' title='bbox 1188 2096 1248 2181; x_wconf 88' lang='lat' dir='ltr'><strong>ire,</strong></span> <span class='ocrx_word' id='word_1_119' title='bbox 1264 2107 1393 2186; x_wconf 89' lang='lat' dir='ltr'><strong>propter</strong></span> <span class='ocrx_word' id='word_1_120' title='bbox 1404 2095 1593 2185; x_wconf 87' lang='lat' dir='ltr'><strong>jurationem</strong></span> 
     </span>
     <span class='ocr_line' id='line_1_15' title="bbox 480 2207 1594 2299; baseline 0.004 -23"><span class='ocrx_word' id='word_1_121' title='bbox 480 2208 608 2277; x_wconf 92' lang='lat' dir='ltr'><strong>illorum</strong></span> <span class='ocrx_word' id='word_1_122' title='bbox 627 2207 713 2299; x_wconf 91' lang='lat' dir='ltr'><strong>quod</strong></span> <span class='ocrx_word' id='word_1_123' title='bbox 738 2210 799 2278; x_wconf 89' lang='lat' dir='ltr'><strong>sibi</strong></span> <span class='ocrx_word' id='word_1_124' title='bbox 820 2210 1010 2299; x_wconf 89' lang='lat' dir='ltr'><strong>juraverunt</strong></span> <span class='ocrx_word' id='word_1_125' title='bbox 1031 2210 1064 2279; x_wconf 89' lang='lat' dir='ltr'><strong>in</strong></span> <span class='ocrx_word' id='word_1_126' title='bbox 1087 2220 1239 2279; x_wconf 82' lang='lat' dir='ltr'><strong>aeternam</strong></span> <span class='ocrx_word' id='word_1_127' title='bbox 1261 2208 1472 2279; x_wconf 87' lang='lat' dir='ltr'><strong>hereditatem</strong></span> <span class='ocrx_word' id='word_1_128' title='bbox 1497 2224 1530 2280; x_wconf 89' lang='lat' dir='ltr'><strong>et</strong></span> <span class='ocrx_word' id='word_1_129' title='bbox 1547 2233 1594 2281; x_wconf 87' lang='lat' dir='ltr'><strong>se-</strong></span> 
     </span>
     <span class='ocr_line' id='line_1_16' title="bbox 410 2323 1594 2415; baseline -0.002 -18"><span class='ocrx_word' id='word_1_130' title='bbox 410 2327 453 2397; x_wconf 79' lang='lat'><strong>15</strong></span> <span class='ocrx_word' id='word_1_131' title='bbox 480 2324 559 2391; x_wconf 89' lang='lat' dir='ltr'><strong>mini</strong></span> <span class='ocrx_word' id='word_1_132' title='bbox 586 2344 656 2392; x_wconf 93' lang='lat' dir='ltr'><strong>suo.</strong></span> <span class='ocrx_word' id='word_1_133' title='bbox 682 2324 803 2393; x_wconf 89' lang='lat' dir='ltr'><strong>Idcirco</strong></span> <span class='ocrx_word' id='word_1_134' title='bbox 831 2334 923 2394; x_wconf 88' lang='lat' dir='ltr'><strong>erant</strong></span> <span class='ocrx_word' id='word_1_135' title='bbox 945 2324 990 2392; x_wconf 94' lang='lat' dir='ltr'><strong>ibi</strong></span> <span class='ocrx_word' id='word_1_136' title='bbox 1016 2335 1146 2394; x_wconf 90' lang='lat' dir='ltr'><strong>sanctus</strong></span> <span class='ocrx_word' id='word_1_137' title='bbox 1171 2323 1409 2394; x_wconf 87' lang='lat' dir='ltr'><strong>Chourentinus</strong></span> <span class='ocrx_word' id='word_1_138' title='bbox 1434 2324 1594 2415; x_wconf 88' lang='lat' dir='ltr'><strong>isdemque</strong></span> 
     </span>
     <span class='ocr_line' id='line_1_17' title="bbox 480 2438 1590 2530; baseline 0.002 -23"><span class='ocrx_word' id='word_1_139' title='bbox 480 2448 611 2507; x_wconf 90' lang='lat' dir='ltr'><strong>sanctus</strong></span> <span class='ocrx_word' id='word_1_140' title='bbox 630 2438 883 2509; x_wconf 83' lang='lat' dir='ltr'><strong>Uuinuualoaeus</strong></span> <span class='ocrx_word' id='word_1_141' title='bbox 901 2439 941 2508; x_wconf 94' lang='lat' dir='ltr'><strong>ad</strong></span> <span class='ocrx_word' id='word_1_142' title='bbox 960 2441 1167 2529; x_wconf 87' lang='lat' dir='ltr'><strong>conloquium</strong></span> <span class='ocrx_word' id='word_1_143' title='bbox 1186 2441 1270 2529; x_wconf 82' lang='lat' dir='ltr'><strong>regis</strong></span> <span class='ocrx_word' id='word_1_144' title='bbox 1283 2450 1380 2530; x_wconf 86' lang='lat' dir='ltr'><strong>atque</strong></span> <span class='ocrx_word' id='word_1_145' title='bbox 1398 2440 1431 2507; x_wconf 92' lang='lat' dir='ltr'><strong>iu</strong></span> <span class='ocrx_word' id='word_1_146' title='bbox 1449 2440 1590 2509; x_wconf 90' lang='lat' dir='ltr'><strong>concilio.</strong></span> 
     </span>
     <span class='ocr_line' id='line_1_18' title="bbox 480 2554 1593 2643; baseline 0.003 -23"><span class='ocrx_word' id='word_1_147' title='bbox 480 2554 548 2641; x_wconf 81' lang='lat' dir='ltr'><strong>Ego</strong></span> <span class='ocrx_word' id='word_1_148' title='bbox 566 2554 770 2640; x_wconf 89' lang='lat' dir='ltr'><strong>Unarhenus,</strong></span> <span class='ocrx_word' id='word_1_149' title='bbox 785 2555 833 2623; x_wconf 85' lang='lat' dir='ltr'><strong>uir</strong></span> <span class='ocrx_word' id='word_1_150' title='bbox 847 2555 965 2625; x_wconf 88' lang='lat' dir='ltr'><strong>timens</strong></span> <span class='ocrx_word' id='word_1_151' title='bbox 978 2557 1094 2640; x_wconf 87' lang='lat' dir='ltr'><strong>Deum,</strong></span> <span class='ocrx_word' id='word_1_152' title='bbox 1110 2555 1301 2624; x_wconf 85' lang='lat' dir='ltr'><strong>commendo</strong></span> <span class='ocrx_word' id='word_1_153' title='bbox 1315 2555 1475 2643; x_wconf 91' lang='lat' dir='ltr'><strong>meipsum</strong></span> <span class='ocrx_word' id='word_1_154' title='bbox 1490 2566 1593 2625; x_wconf 86' lang='lat' dir='ltr'><strong>sancto</strong></span> 
     </span>
     <span class='ocr_line' id='line_1_19' title="bbox 480 2665 1594 2757; baseline 0.003 -24"><span class='ocrx_word' id='word_1_155' title='bbox 480 2665 689 2735; x_wconf 85' lang='lat' dir='ltr'><strong>Uinuualoaeo</strong></span> <span class='ocrx_word' id='word_1_156' title='bbox 717 2686 790 2734; x_wconf 91' lang='lat' dir='ltr'><strong>cum</strong></span> <span class='ocrx_word' id='word_1_157' title='bbox 822 2666 974 2735; x_wconf 91' lang='lat' dir='ltr'><strong>omnibus</strong></span> <span class='ocrx_word' id='word_1_158' title='bbox 1005 2668 1098 2751; x_wconf 91' lang='lat' dir='ltr'><strong>meis,</strong></span> <span class='ocrx_word' id='word_1_159' title='bbox 1132 2665 1164 2734; x_wconf 95' lang='lat' dir='ltr'><strong>id</strong></span> <span class='ocrx_word' id='word_1_160' title='bbox 1190 2677 1252 2753; x_wconf 90' lang='lat' dir='ltr'><strong>est,</strong></span> <span class='ocrx_word' id='word_1_161' title='bbox 1284 2682 1401 2757; x_wconf 90' lang='lat' dir='ltr'><strong>corpus</strong></span> <span class='ocrx_word' id='word_1_162' title='bbox 1429 2688 1537 2736; x_wconf 89' lang='lat' dir='ltr'><strong>meum</strong></span> <span class='ocrx_word' id='word_1_163' title='bbox 1565 2679 1594 2736; x_wconf 88' lang='lat' dir='ltr'><strong>et</strong></span> 
     </span>
     <span class='ocr_line' id='line_1_20' title="bbox 481 2784 1594 2875; baseline 0 -23"><span class='ocrx_word' id='word_1_164' title='bbox 481 2784 621 2852; x_wconf 89' lang='lat' dir='ltr'><strong>animam</strong></span> <span class='ocrx_word' id='word_1_165' title='bbox 654 2804 759 2853; x_wconf 89' lang='lat' dir='ltr'><strong>meam</strong></span> <span class='ocrx_word' id='word_1_166' title='bbox 790 2797 822 2853; x_wconf 90' lang='lat' dir='ltr'><strong>et</strong></span> <span class='ocrx_word' id='word_1_167' title='bbox 853 2785 1002 2875; x_wconf 88' lang='lat' dir='ltr'><strong>spiritum</strong></span> <span class='ocrx_word' id='word_1_168' title='bbox 1033 2796 1128 2874; x_wconf 87' lang='lat' dir='ltr'><strong>atque</strong></span> <span class='ocrx_word' id='word_1_169' title='bbox 1160 2784 1380 2873; x_wconf 87' lang='lat' dir='ltr'><strong>hereditatem,</strong></span> <span class='ocrx_word' id='word_1_170' title='bbox 1410 2804 1519 2854; x_wconf 90' lang='lat' dir='ltr'><strong>coram</strong></span> <span class='ocrx_word' id='word_1_171' title='bbox 1549 2786 1594 2853; x_wconf 93' lang='lat' dir='ltr'><strong>his</strong></span> 
     </span>
     <span class='ocr_line' id='line_1_21' title="bbox 410 2900 1593 2993; baseline 0.002 -24"><span class='ocrx_word' id='word_1_172' title='bbox 410 2900 455 2970; x_wconf 77' lang='lat'><strong>20</strong></span> <span class='ocrx_word' id='word_1_173' title='bbox 481 2902 616 2971; x_wconf 87' lang='lat' dir='ltr'><strong>testibus</strong></span> <span class='ocrx_word' id='word_1_174' title='bbox 639 2903 842 2990; x_wconf 85' lang='lat' dir='ltr'><strong>supradictIs.</strong></span> <span class='ocrx_word' id='word_1_175' title='bbox 864 2904 932 2992; x_wconf 83' lang='lat' dir='ltr'><strong>Ego</strong></span> <span class='ocrx_word' id='word_1_176' title='bbox 957 2902 1139 2981; x_wconf 87' lang='lat' dir='ltr'><strong>Gradlonus</strong></span> <span class='ocrx_word' id='word_1_177' title='bbox 1159 2922 1215 2971; x_wconf 81' lang='lat' dir='ltr'><strong>rex</strong></span> <span class='ocrx_word' id='word_1_178' title='bbox 1238 2913 1348 2972; x_wconf 85' lang='lat' dir='ltr'><strong>sancto</strong></span> <span class='ocrx_word' id='word_1_179' title='bbox 1372 2903 1593 2993; x_wconf 83' lang='lat' dir='ltr'><strong>Uuingualoaeo</strong></span> 
     </span>
     <span class='ocr_line' id='line_1_22' title="bbox 481 3016 1594 3115; baseline -0.003 -30"><span class='ocrx_word' id='word_1_180' title='bbox 481 3016 543 3086; x_wconf 93' lang='lat' dir='ltr'><strong>hoc</strong></span> <span class='ocrx_word' id='word_1_181' title='bbox 570 3017 691 3101; x_wconf 82' lang='lat' dir='ltr'><strong>affirmo</strong></span> <span class='ocrx_word' id='word_1_182' title='bbox 719 3018 753 3085; x_wconf 91' lang='lat' dir='ltr'><strong>in</strong></span> <span class='ocrx_word' id='word_1_183' title='bbox 777 3017 1007 3087; x_wconf 89' lang='lat' dir='ltr'><strong>dieumbitione</strong></span> <span class='ocrx_word' id='word_1_184' title='bbox 1030 3029 1161 3087; x_wconf 85' lang='lat' dir='ltr'><strong>aeterna.</strong></span> <span class='ocrx_word' id='word_1_185' title='bbox 1184 3019 1299 3115; x_wconf 58' lang='lat' dir='ltr'><strong>nmen.</strong></span> <span class='ocrx_word' id='word_1_186' title='bbox 1322 3018 1421 3104; x_wconf 69' lang='lat' dir='ltr'><strong>[For.</strong></span> <span class='ocrx_word' id='word_1_187' title='bbox 1448 3024 1542 3100; x_wconf 77' lang='lat' dir='ltr'><strong>m]</strong></span> <span class='ocrx_word' id='word_1_188' title='bbox 1559 3018 1594 3083; x_wconf 87' lang='lat' dir='ltr'><strong>Et</strong></span> 
     </span>
     <span class='ocr_line' id='line_1_23' title="bbox 482 3132 1593 3223; baseline -0.004 -20"><span class='ocrx_word' id='word_1_189' title='bbox 482 3133 537 3223; x_wconf 89' lang='lat' dir='ltr'><strong>qui</strong></span> <span class='ocrx_word' id='word_1_190' title='bbox 555 3133 700 3223; x_wconf 81' lang='lat' dir='ltr'><strong>frangere</strong></span> <span class='ocrx_word' id='word_1_191' title='bbox 718 3142 774 3201; x_wconf 90' lang='lat' dir='ltr'><strong>aut</strong></span> <span class='ocrx_word' id='word_1_192' title='bbox 792 3133 937 3204; x_wconf 88' lang='lat' dir='ltr'><strong>minuere</strong></span> <span class='ocrx_word' id='word_1_193' title='bbox 955 3133 1104 3221; x_wconf 85' lang='lat' dir='ltr'><strong>voluerit,</strong></span> <span class='ocrx_word' id='word_1_194' title='bbox 1125 3152 1144 3201; x_wconf 98' lang='lat' dir='ltr'><strong>a</strong></span> <span class='ocrx_word' id='word_1_195' title='bbox 1167 3134 1234 3203; x_wconf 85' lang='lat' dir='ltr'><strong>Deo</strong></span> <span class='ocrx_word' id='word_1_196' title='bbox 1254 3132 1322 3203; x_wconf 76' lang='lat' dir='ltr'><strong>cali</strong></span> <span class='ocrx_word' id='word_1_197' title='bbox 1346 3136 1390 3205; x_wconf 89' lang='lat' dir='ltr'><strong>sit</strong></span> <span class='ocrx_word' id='word_1_198' title='bbox 1411 3134 1593 3204; x_wconf 89' lang='lat' dir='ltr'><strong>maledictus</strong></span> 
     </span>
    </p>

    <p class='ocr_par' dir='ltr' id='par_1_3' title="bbox 483 3247 875 3338">
     <span class='ocr_line' id='line_1_24' title="bbox 483 3247 875 3338; baseline -0.005 -21"><span class='ocrx_word' id='word_1_199' title='bbox 483 3257 516 3317; x_wconf 90' lang='lat' dir='ltr'><strong>et</strong></span> <span class='ocrx_word' id='word_1_200' title='bbox 533 3247 736 3338; x_wconf 90' lang='lat' dir='ltr'><strong>dampnatus.</strong></span> <span class='ocrx_word' id='word_1_201' title='bbox 757 3249 875 3317; x_wconf 85' lang='lat' dir='ltr'><strong>Amen.</strong></span> 
     </span>
    </p>
   </div>
   <div class='ocr_carea' id='block_1_3' title="bbox 1007 3551 1079 3619">
    <p class='ocr_par' dir='ltr' id='par_1_4' title="bbox 1007 3551 1079 3619">
     <span class='ocr_line' id='line_1_25' title="bbox 1007 3551 1079 3619; baseline -0.014 0"><span class='ocrx_word' id='word_1_202' title='bbox 1007 3551 1079 3619; x_wconf 89' lang='lat' dir='ltr'><strong>XXI</strong></span> 
     </span>
    </p>
   </div>
   <div class='ocr_carea' id='block_1_4' title="bbox 917 3801 1171 3870">
    <p class='ocr_par' dir='ltr' id='par_1_5' title="bbox 917 3801 1171 3870">
     <span class='ocr_line' id='line_1_26' title="bbox 917 3801 1171 3870; baseline 0.004 -1"><span class='ocrx_word' id='word_1_203' title='bbox 917 3801 965 3869; x_wconf 81' lang='lat' dir='ltr'><strong>Db</strong></span> <span class='ocrx_word' id='word_1_204' title='bbox 987 3801 1054 3870; x_wconf 83' lang='lat' dir='ltr'><strong>Lru</strong></span> <span class='ocrx_word' id='word_1_205' title='bbox 1077 3801 1171 3870; x_wconf 86' lang='lat' dir='ltr'><strong>Rrec.</strong></span> 
     </span>
    </p>
   </div>
   <div class='ocr_carea' id='block_1_5' title="bbox 416 4057 1594 4495">
    <p class='ocr_par' dir='ltr' id='par_1_6' title="bbox 529 4057 1594 4149">
     <span class='ocr_line' id='line_1_27' title="bbox 529 4057 1594 4149; baseline 0 -23"><span class='ocrx_word' id='word_1_206' title='bbox 529 4059 604 4126; x_wconf 90' lang='lat' dir='ltr'><strong>Haec</strong></span> <span class='ocrx_word' id='word_1_207' title='bbox 628 4057 783 4127; x_wconf 88' lang='lat' dir='ltr'><strong>memoria</strong></span> <span class='ocrx_word' id='word_1_208' title='bbox 810 4058 928 4127; x_wconf 91' lang='lat' dir='ltr'><strong>retinet</strong></span> <span class='ocrx_word' id='word_1_209' title='bbox 953 4059 1039 4148; x_wconf 86' lang='lat' dir='ltr'><strong>quod</strong></span> <span class='ocrx_word' id='word_1_210' title='bbox 1060 4068 1196 4128; x_wconf 90' lang='lat' dir='ltr'><strong>sanctus</strong></span> <span class='ocrx_word' id='word_1_211' title='bbox 1223 4059 1354 4147; x_wconf 91' lang='lat' dir='ltr'><strong>Riocus,</strong></span> <span class='ocrx_word' id='word_1_212' title='bbox 1384 4059 1476 4149; x_wconf 85' lang='lat' dir='ltr'><strong>cujus</strong></span> <span class='ocrx_word' id='word_1_213' title='bbox 1502 4067 1594 4127; x_wconf 85' lang='lat' dir='ltr'><strong>mater</strong></span> 
     </span>
    </p>

    <p class='ocr_par' dir='ltr' id='par_1_7' title="bbox 416 4174 1592 4380">
     <span class='ocr_line' id='line_1_28' title="bbox 416 4174 1590 4266; baseline 0.002 -25"><span class='ocrx_word' id='word_1_214' title='bbox 416 4189 460 4259; x_wconf 76' lang='lat'><strong>25</strong></span> <span class='ocrx_word' id='word_1_215' title='bbox 485 4194 541 4262; x_wconf 93' lang='lat' dir='ltr'><strong>per</strong></span> <span class='ocrx_word' id='word_1_216' title='bbox 571 4174 722 4243; x_wconf 87' lang='lat' dir='ltr'><strong>uirtutem</strong></span> <span class='ocrx_word' id='word_1_217' title='bbox 754 4175 856 4244; x_wconf 90' lang='lat' dir='ltr'><strong>sancti</strong></span> <span class='ocrx_word' id='word_1_218' title='bbox 886 4175 1106 4266; x_wconf 83' lang='lat' dir='ltr'><strong>Uuingualoaei</strong></span> <span class='ocrx_word' id='word_1_219' title='bbox 1138 4176 1291 4246; x_wconf 88' lang='lat' dir='ltr'><strong>suscitata</strong></span> <span class='ocrx_word' id='word_1_220' title='bbox 1320 4176 1381 4245; x_wconf 89' lang='lat' dir='ltr'><strong>luit</strong></span> <span class='ocrx_word' id='word_1_221' title='bbox 1406 4196 1426 4245; x_wconf 92' lang='lat' dir='ltr'><strong>a</strong></span> <span class='ocrx_word' id='word_1_222' title='bbox 1452 4176 1590 4260; x_wconf 89' lang='lat' dir='ltr'><strong>mortuis,</strong></span> 
     </span>
     <span class='ocr_line' id='line_1_29' title="bbox 486 4288 1592 4380; baseline -0.002 -23"><span class='ocrx_word' id='word_1_223' title='bbox 486 4308 616 4357; x_wconf 86' lang='lat' dir='ltr'><strong>omnem</strong></span> <span class='ocrx_word' id='word_1_224' title='bbox 640 4288 849 4358; x_wconf 88' lang='lat' dir='ltr'><strong>hereditatem</strong></span> <span class='ocrx_word' id='word_1_225' title='bbox 876 4289 937 4359; x_wconf 91' lang='lat' dir='ltr'><strong>sibi</strong></span> <span class='ocrx_word' id='word_1_226' title='bbox 965 4301 1141 4380; x_wconf 85' lang='lat' dir='ltr'><strong>separatam</strong></span> <span class='ocrx_word' id='word_1_227' title='bbox 1169 4291 1209 4359; x_wconf 92' lang='lat' dir='ltr'><strong>ab</strong></span> <span class='ocrx_word' id='word_1_228' title='bbox 1240 4292 1391 4360; x_wconf 92' lang='lat' dir='ltr'><strong>omnibus</strong></span> <span class='ocrx_word' id='word_1_229' title='bbox 1418 4290 1592 4380; x_wconf 90' lang='lat' dir='ltr'><strong>parentibus</strong></span> 
     </span>
    </p>

    <p class='ocr_par' dir='ltr' id='par_1_8' title="bbox 467 4403 1590 4495">
     <span class='ocr_line' id='line_1_30' title="bbox 467 4403 1590 4495; baseline 0.004 -26"><span class='ocrx_word' id='word_1_230' title='bbox 467 4431 470 4437; x_wconf 51' lang='lat'>¹</span> <span class='ocrx_word' id='word_1_231' title='bbox 487 4403 661 4491; x_wconf 87' lang='lat' dir='ltr'><strong>spetialiter</strong></span> <span class='ocrx_word' id='word_1_232' title='bbox 678 4403 744 4473; x_wconf 87' lang='lat' dir='ltr'><strong>Deo</strong></span> <span class='ocrx_word' id='word_1_233' title='bbox 762 4413 794 4473; x_wconf 91' lang='lat' dir='ltr'><strong>et</strong></span> <span class='ocrx_word' id='word_1_234' title='bbox 813 4414 924 4474; x_wconf 91' lang='lat' dir='ltr'><strong>sancto</strong></span> <span class='ocrx_word' id='word_1_235' title='bbox 947 4405 1177 4495; x_wconf 82' lang='lat' dir='ltr'><strong>Uuingualoaeo</strong></span> <span class='ocrx_word' id='word_1_236' title='bbox 1195 4405 1324 4492; x_wconf 90' lang='lat' dir='ltr'><strong>obtulit,</strong></span> <span class='ocrx_word' id='word_1_237' title='bbox 1350 4406 1384 4475; x_wconf 90' lang='lat' dir='ltr'><strong>in</strong></span> <span class='ocrx_word' id='word_1_238' title='bbox 1403 4405 1590 4476; x_wconf 89' lang='lat' dir='ltr'><strong>monachiam</strong></span> 
     </span>
    </p>
   </div>
   <div class='ocr_carea' id='block_1_6' title="bbox 0 0 1738 5667">
    <p class='ocr_par' dir='ltr' id='par_1_9' title="bbox 0 0 1738 5667">
     <span class='ocr_line' id='line_1_31' title="bbox 0 0 1738 5667; baseline 0 0"><span class='ocrx_word' id='word_1_239' title='bbox 0 0 1738 5667; x_wconf 95' lang='lat' dir='ltr'><strong> </strong></span> 
     </span>
    </p>
   </div>
  </div>
 </body>
</html>
