3459 5667
929 581 1123 651 *¹134*

934 929 1037 994 Loctc'o
1055 928 1107 995 XI
1108 977 1116 994 .

513 1173 578 1243 Sed
598 1183 631 1243 et
652 1193 725 1242 cum
749 1181 878 1262 tempus
901 1171 970 1264 ejus
994 1192 1013 1242 e
1041 1191 1173 1262 corpore
1195 1171 1390 1242 evocationis
1412 1173 1581 1262 appropin-

469 1298 613 1378 quasset‚
646 1287 756 1358 cadem
788 1297 882 1356 nocte
912 1297 1084 1376 antequam
1121 1286 1328 1376 subsequenti
1359 1286 1500 1356 crastina
1532 1287 1582 1356 die

468 1403 670 1472 sanctissima
686 1403 757 1492 eius
775 1403 934 1471 leuaretur
951 1401 1070 1487 anima,
1090 1401 1263 1470 revelatum
1286 1410 1337 1470 est
1353 1400 1382 1469 ei
1405 1401 1445 1469 ab
1470 1401 1582 1490 angelo

469 1519 610 1588 Domini.
636 1519 782 1608 Denique
809 1518 972 1587 continuis
999 1519 1193 1587 confirmans
1215 1539 1343 1608 gregem
1366 1519 1495 1586 Domini
1523 1516 1582 1586 sini

421 1633 443 1704 5
469 1635 677 1705 commissum
708 1637 876 1723 preceptis,
906 1653 972 1702 nou
1000 1643 1103 1703 cessat
1129 1643 1185 1700 aut
1210 1632 1372 1721 predicare
1396 1644 1452 1701 aut
1477 1651 1581 1720 oraro,
1687 1687 1688 1710 ἶ

469 1750 572 1818 donec
590 1749 673 1817 inter
692 1750 759 1838 ipsa
773 1749 909 1819 duorum
924 1770 1013 1838 aequo
1028 1748 1183 1818 subnixus
1197 1748 1425 1817 monachorum
1440 1747 1582 1835 brachia,
1686 1733 1688 1774 ¹

469 1864 588 1933 divinis
606 1883 703 1953 sacrae
721 1864 975 1933 communicatus
993 1863 1105 1932 officiis
1124 1863 1231 1932 missae
1254 1882 1341 1930 more
1367 1883 1425 1931 suo
1444 1863 1585 1953 comple-

469 1983 524 2072 tis,
554 1984 706 2073 psallens,
731 1985 956 2072 nouissimum,
981 1984 1100 2072 absque
1128 1983 1193 2052 ullo
1219 1983 1435 2052 membrorum
1462 1982 1585 2070 dolore,

471 2097 555 2167 inter
572 2098 733 2188 angelicos
752 2100 844 2188 (quos
863 2099 932 2187 ipse
949 2097 1085 2187 uidebat)
1105 2099 1213 2168 emisit
1231 2097 1379 2188 spiritum
1398 2098 1526 2167 choros.

930 2423 1032 2489 Lectio
1051 2422 1129 2488 ΧΠ.
1311 2411 1318 2444 ’

402 2671 446 2742 lo
482 2686 486 2693 ·
517 2668 637 2752 Quinto
659 2667 767 2758 itaque
791 2668 898 2738 Nonas
921 2669 1037 2756 Martii,
1060 2675 1156 2753 [uror.
1179 2685 1258 2739 aaa
1278 2673 1327 2751 m]
1355 2676 1486 2737 sauctus
1510 2667 1588 2736 obiit

472 2782 507 2850 in
526 2802 604 2870 pace
620 2781 841 2851 Wiuualoeus.
863 2781 962 2870 Cujus
986 2782 1064 2850 sacri
1090 2782 1165 2852 item
1189 2781 1353 2851 translatio
1372 2781 1531 2872 corporis,
1550 2780 1589 2850 de

473 2896 590 2964 minori
613 2896 646 2964 in
670 2897 844 2966 aecclesiam
868 2897 939 2985 (qua
959 2918 1046 2965 nuno
1063 2915 1135 2965 ossa
1158 2897 1226 2987 ejus
1249 2896 1465 2985 continentur)
1487 2897 1589 2987 majo-

473 3030 554 3098 rem,
575 3010 657 3078 llll‘⁰
674 3011 745 3078 Kal.
771 3011 845 3078 Maii
869 3011 1046 3079 celebratur
1071 3040 1078 3078 :
1104 3011 1158 3078 ubi
1181 3011 1335 3080 celebrior
1357 3011 1385 3079 ei
1409 3011 1443 3078 in
1463 3010 1589 3098 publico

474 3123 602 3215 populis
619 3123 809 3192 enunciatur
827 3123 1059 3212 sollempnitas,
1080 3123 1153 3213 quia
1171 3124 1214 3192 ibi
1237 3125 1374 3194 solutius
1392 3125 1591 3214 antiquiores

406 3244 449 3315 15
474 3251 581 3330 patres
598 3248 695 3328 atque
716 3237 894 3326 expeditius
919 3240 971 3328 (ne
993 3239 1248 3342 Quadragesimae
1271 3249 1397 3328 tempus
1421 3239 1590 3329 impediret

475 3355 560 3422 inter
575 3353 741 3422 Paschalia
758 3355 841 3422 hane
863 3353 996 3423 eandem
1020 3352 1234 3444 festivitatem)
1261 3353 1386 3423 sancire
1409 3355 1591 3424 maluerunt

476 3470 655 3540 sollemnia.

520 3595 604 3679 Quid
628 3595 726 3685 igitur
748 3595 782 3663 in
805 3595 875 3686 ejus
898 3595 979 3664 tanti
1004 3595 1064 3664 uiri
1088 3594 1220 3685 dignum
1245 3594 1480 3684 comparatione
1503 3595 1589 3664 dice-

477 3719 563 3798 mus,
583 3711 657 3799 quia
680 3730 751 3779 cum
775 3729 901 3790 omues,
929 3711 1011 3779 sicut
1037 3710 1070 3778 in
1094 3710 1234 3780 secundo
1261 3711 1356 3800 hujus
1379 3711 1486 3800 operis
1510 3711 1590 3779 libro

404 3825 452 3899 20
477 3825 605 3916 plenius
622 3825 822 3906 edocuimus,
844 3824 915 3914 jure
942 3823 1155 3913 antecelleret,
1184 3824 1334 3894 omnihus
1360 3835 1468 3893 tamen
1498 3844 1592 3894 carus

478 3949 559 4029 erat,
582 3940 732 4010 omnibus
757 3938 892 4006 affabilis
915 3949 947 4006 et
971 3937 1149 4026 benivolus,
1170 3947 1298 4027 aspectu
1320 3939 1496 4028 angelicus,
1525 3960 1592 4008 ser·

477 4076 574 4127 mone
600 4055 733 4142 nitidus,
756 4074 851 4144 opere
874 4063 1016 4142 sanctus,
1041 4075 1171 4144 corpore
1193 4053 1330 4146 integer,
1351 4055 1482 4145 ingenio
1508 4055 1590 4147 opti·
1687 4071 1688 4084 ¹

480 4193 566 4260 mus,
590 4171 724 4242 consilio
751 4190 901 4261 magnus,
929 4170 1097 4260 prudentia
1122 4171 1290 4261 discretus,
1315 4171 1377 4241 lide
1400 4172 1589 4258 catholicus,

479 4309 535 4378 spe
554 4287 818 4378 patientissimus,
844 4287 973 4357 caritate
999 4286 1148 4377 diffusus,
1172 4289 1308 4359 orationi
1333 4289 1489 4378 intentus,
1510 4288 1589 4359 divi·

409 4404 455 4476 25
479 4401 532 4472 uis
560 4401 734 4507 Scriptmis
771 4408 868 4488 [rol.
891 4409 985 4487 roas]
1022 4403 1182 4494 preditum
1218 4404 1302 4474 ultra
1332 4404 1479 4477 omnium
1512 4423 1591 4496 pene
