3459 5667
931 618 1127 688 „1634

469 760 644 831 christiana
661 761 740 845 fides
764 761 798 830 in
820 770 904 831 terra
929 762 1117 831 servabitur.
1139 763 1180 831 Et
1202 764 1257 852 qui
1280 763 1426 855 frangere
1447 774 1502 834 aut
1524 766 1586 835 mi-

469 896 569 945 nuere
592 876 740 961 voluerit,
761 878 839 947 sciat
862 898 897 947 se
914 878 1055 947 alienum
1078 878 1145 947 fore
1166 898 1185 947 a
1207 879 1371 949 liminibus
1393 891 1511 950 sanctae
1530 881 1587 951 Dei

469 989 614 1075 aeelesiae‚
635 1000 667 1059 et
688 992 763 1082 pars
791 992 860 1081 ejus
882 1012 956 1062 oum
979 994 1103 1060 Duthan
1122 1004 1154 1062 et
1172 993 1314 1084 Abydon,
1334 1004 1367 1064 et
1390 995 1437 1063 ira
1459 993 1518 1064 Dei
1536 996 1586 1063 in·

469 1114 575 1174 onrrat
593 1125 688 1195 super
705 1126 780 1176 eum
798 1105 852 1175 hin
869 1117 903 1176 et
920 1106 954 1175 in
973 1107 1093 1177 iuturo.
1113 1108 1230 1177 Amen.
1574 1089 1578 1097 ¹

988 1416 1072 1485 xtv

701 1660 749 1727 Dn
772 1678 876 1729 tunnis
899 1678 977 1736 orus
1000 1677 1096 1726 nnurr
1118 1655 1217 1725 Brute
1240 1676 1353 1726 conns.

420 1914 442 1982 ὅ
513 1916 588 1985 Haee
607 1912 760 1982 memoria
779 1913 896 1981 retinet
910 1911 996 2001 quod
1014 1910 1117 1981 Budio
1134 1929 1243 1979 eomes
1260 1909 1384 1979 caecidit
1402 1910 1436 1977 in
1454 1910 1589 1979 infirmi·

468 2041 585 2113 tatem;
605 2026 740 2109 febrium
761 2026 901 2115 pondere
918 2026 1045 2117 jacebat
1068 2036 1260 2115 oromatum,
1283 2024 1462 2116 patiebatur
1484 2024 1588 2094 ualde.

469 2146 511 2213 Et
529 2143 646 2212 idcirco
664 2141 802 2232 perrexit
820 2161 990 2232 quousque
1014 2142 1265 2210 Lanteuuennoc
1285 2139 1418 2208 adorare
1442 2151 1590 2209 sanetum

434 2276 435 2281 ’
468 2257 738 2347 Uniugualooum
774 2262 877 2339 [Fut.
903 2261 1002 2338 ποι]
1036 2266 1068 2323 et
1099 2254 1217 2323 ibidem
1246 2274 1302 2344 per
1328 2253 1477 2323 virtutem
1510 2255 1589 2323 beati

432 2396 436 2402 ·
469 2370 681 2461 Uningnaioei
700 2371 821 2460 aceepit
839 2371 1022 2441 sanitatem.
1037 2372 1079 2440 Et
1092 2369 1164 2438 ideo
1179 2369 1320 2454 tradidit,
1335 2369 1376 2438 de
1389 2388 1448 2438 sua
1461 2370 1590 2461 propria

401 2488 444 2558 to
470 2488 645 2557 hereditate
663 2498 774 2555 saneto
788 2486 1010 2576 Uuingualoeo
1029 2476 1202 2575 spetialiter
1215 2484 1276 2553 sibi
1295 2503 1314 2552 a
1332 2485 1456 2554 eunctis
1473 2503 1590 2574 paren·

470 2604 557 2681 tibus
595 2601 725 2689 inolitis,
759 2602 845 2670 llll⁰r
878 2601 984 2685 villas,
1021 2602 1101 2669 silva
1133 2600 1247 2669 Correo
1282 2599 1363 2669 duas
1400 2598 1433 2667 in
1471 2598 1590 2667 vicario

353 2720 355 2723 ’
470 2719 616 2805 Euenor,
640 2717 720 2787 Caer
742 2716 888 2804 Bollane,
909 2717 941 2785 in
965 2716 1083 2785 vinario
1106 2717 1246 2802 Demett,
1266 2714 1346 2785 Caer
1368 2714 1543 2799 Unenueti,
1561 2723 1590 2783 et

471 2835 587 2903 iterum
620 2832 749 2903 tradidit
780 2832 842 2901 aliu
870 2832 939 2901 vioe
969 2831 1049 2900 Caer
1076 2832 1178 2901 Dabat
1208 2858 1217 2900 ι
1247 2831 1450 2901 haecomnia
1477 2840 1590 2899 sancto

470 2946 691 3036 Uuingunloeo
719 2946 752 3014 in
781 2945 1012 3015 dicumbitione
1039 2958 1136 3035 atque
1162 2946 1195 3013 in
1224 2944 1406 3022 hereditate,
1425 2940 1589 3036 perpetua.

401 3063 445 3133 iii
472 3061 620 3146 Quandin
649 3061 822 3129 christiana
848 3060 926 3129 tides
948 3060 982 3129 iu
1004 3070 1087 3129 terra
1110 3060 1301 3145 servabitur,
1322 3061 1384 3129 hoo
1405 3068 1591 3150 permaneat

472 3179 674 3250 aeternaliter.
699 3180 740 3247 Et
762 3178 815 3268 qui
841 3178 985 3269 frangere
1005 3189 1061 3248 ant
1083 3178 1228 3249 minuere
1251 3179 1400 3266 vuluerit,
1420 3178 1591 3248 anathema

472 3295 515 3365 sit
533 3296 567 3365 in
585 3295 637 3365 die
652 3293 778 3385 judicii.
798 3295 915 3365 Amen.

986 3604 1082 3674 xtvt

561 3857 610 3925 Itu
633 3875 733 3925 runnu
757 3855 883 3943 Eunus,
906 3877 990 3935 oran
1011 3876 1105 3927 nnnrr
1126 3876 1203 3925 rnnnr
1226 3874 1327 3927 conns
1348 3874 1501 3927 nonrnus.

415 4192 418 4198 Ι
479 4116 491 4125 ”
518 4098 598 4176 Haeo
620 4106 739 4175 cartula
767 4104 908 4176 custodit
935 4105 1021 4197 qnod
1049 4105 1300 4193 Budie‚nobiiis
1322 4104 1589 4193 comes-tradidit
1667 4137 1673 4153 ·

474 4232 584 4291 saneto
604 4219 823 4310 outnguatum
846 4220 888 4291 de
911 4240 969 4291 sua
992 4220 1118 4312 propria
1138 4228 1234 4306 [not.
1251 4238 1327 4291 nor
1346 4226 1397 4305 vo]
1418 4208 1588 4290 hereditate

404 4344 450 4415 20
474 4336 628 4405 vinarium
646 4356 760 4423 unum,
776 4335 882 4405 Edem
902 4337 1045 4424 nomine,
1060 4358 1118 4426 pro
1137 4337 1186 4405 sui
1205 4336 1425 4426 redemptione
1443 4356 1587 4404 suorum-

475 4470 537 4541 que
556 4450 700 4519 omnium
715 4458 924 4541 utrorumque
937 4470 1086 4538 sexuum,
1102 4452 1136 4521 in
1154 4452 1353 4542 sepulturam
1367 4470 1473 4539 suam,
1489 4459 1585 4520 totum
