3459 5667
582 606 778 677 -139-

128 754 370 845 earnispartem
388 752 489 823 intui
512 752 621 823 auxilii
641 772 713 843 ope,
734 753 762 823 si
784 751 960 823 necessitas
978 748 1241 840 comprobaverit,

127 871 261 964 posituri
280 892 404 941 sumus.
427 896 441 933 s
464 906 505 923 -
528 896 543 933 r
564 870 663 939 Nares
687 868 812 960 (inquit)
832 888 924 957 meae,
944 867 1055 938 dolore
1073 866 1243 936 uulnerum

126 988 240 1078 pienae,
261 984 410 1056 stercoris
432 992 676 1055 ooneremantur
697 984 737 1054 ab
755 982 880 1071 ardore,
900 992 937 1053 ut
954 982 1056 1074 uides,
1076 992 1174 1052 tantee
1190 980 1243 1050 in-

127 1102 296 1171 firmitatis.
320 1126 336 1163 e

129 1200 131 1203 ’
171 1214 205 1283 5.
225 1214 300 1283 Haeo
322 1204 456 1283 audiens
478 1212 639 1283 Ethbinue
661 1212 778 1282 librum
801 1230 897 1303 quem
923 1210 1066 1302 gestabat
1087 1230 1186 1281 manu
1204 1213 1246 1284 ad
1292 1215 1315 1286 b

127 1340 244 1401 terram
262 1329 408 1420 deposuit
428 1339 459 1399 et
477 1348 645 1419 pauperem
666 1349 723 1419 per
740 1329 838 1398 latere
860 1328 1028 1418 arripiens,
1048 1326 1245 1419 quia[1·ot.

129 1461 208 1515 m
232 1450 282 1526 xe]
311 1462 433 1533 pronus
457 1442 493 1511 in
520 1453 604 1512 terra
628 1444 764 1533 jacebat,
793 1445 905 1514 erexit.
935 1443 1091 1514 Sacerdos
1125 1444 1246 1514 Christi

127 1560 360 1650 Wingueioeus
383 1559 423 1628 ad
446 1577 540 1629 nares
562 1560 630 1652 ejus
652 1580 784 1630 manum
802 1561 982 1651 porrigens,
1006 1580 1127 1651 pauper
1147 1560 1246 1631 flebili

128 1695 206 1745 roee
224 1676 373 1762 clamare,
394 1685 429 1743 ut
447 1684 583 1763 poterat,
602 1674 709 1764 oepit:
729 1675 848 1764 «Noli,
869 1676 990 1764 senior,
1011 1674 1078 1744 noli
1097 1676 1247 1745 menibus

129 1810 241 1880 repere
260 1808 365 1877 nares,
381 1788 456 1879 quie
469 1789 561 1858 dolor
579 1809 644 1858 non
664 1788 834 1879 permittit3
854 1789 924 1878 sed,
939 1790 968 1859 si
983 1811 1040 1880 pro
1057 1790 1247 1860 remissione
1274 1794 1318 1865 to

129 1918 332 2001 peecatorum
355 1917 483 1976 tuorum
507 1906 650 1977 dolorem
669 1926 776 1976 meum
801 1906 919 1977 leviare
939 1907 1092 1996 uolueris,
1116 1927 1249 1979 neeesse
1369 1931 1372 1943 ·

130 2035 179 2095 est
197 2023 296 2092 miebi
314 2032 350 2091 ut
369 2022 402 2090 in
420 2040 476 2090 ore
494 2031 550 2090 tuo
567 2039 662 2089 nares
683 2038 770 2089 meas
792 2020 920 2089 miseris
937 2031 969 2090 et
990 2021 1036 2090 ita
1056 2023 1204 2092 traxeris.
1229 2051 1244 2085 s

130 2137 318 2209 Humiliauit
345 2154 380 2204 se
407 2134 520 2205 beatus
546 2133 708 2221 saoerd0s,
727 2134 783 2224 qui
810 2134 967 2205 exaltatus
992 2145 1061 2205 emt
1085 2147 1193 2205 mente
1214 2137 1249 2206 in

131 2254 220 2341 mlo,
247 2262 279 2322 et
301 2252 431 2342 quando
453 2250 577 2342 putarit
598 2250 714 2321 leviare
740 2251 886 2341 pauperi,
908 2251 944 2320 in
965 2271 1021 2322 ere
1042 2271 1103 2322 suo
1128 2252 1251 2343 excepit

132 2387 261 2439 munem
279 2367 336 2437 filii
355 2368 426 2438 Dei.
1277 2373 1320 2445 15

174 2484 210 2555 6.
233 2485 261 2555 0
278 2484 359 2553 mira
377 2505 430 2554 res
447 2495 479 2554 et
496 2483 684 2553 admiranda
704 2483 925 2574 stupendaque
946 2484 1099 2554 omnibns
1115 2484 1252 2555 audisn-

133 2600 240 2671 tibus!
257 2601 332 2669 Mox
349 2609 386 2668 ut
403 2599 442 2668 ad
461 2620 497 2669 se
519 2599 615 2669 traxit
636 2599 750 2668 beatus
773 2598 1018 2689 Wingnaloeus,
1043 2610 1133 2689 petra
1154 2600 1253 2669 mira·

133 2718 207 2788 bilis
226 2718 266 2791 in.
279 2717 348 2807 ejus
366 2736 422 2786 ore
439 2715 567 2803 oeoidit,
586 2726 618 2785 et
634 2716 747 2785 beatus
765 2716 925 2784 Etbbinus
948 2735 1004 2804 per
1023 2716 1121 2785 latera
1138 2717 1251 2786 Domi·

134 2854 213 2903 num
235 2844 350 2902 tenens
363 2851 491 2901 sursum
505 2830 640 2920 aspexit,
654 2830 768 2899 eaelum
787 2840 932 2919 apertum
946 2829 1038 2917 uidit,
1052 2840 1085 2899 et
1103 2831 1137 2899 in
1151 2832 1254 2921 capite

134 2950 265 3019 Domini
292 2970 388 3040 quem
412 2949 540 3019 tenebat
566 2959 676 3018 saneta
704 2968 783 3017 crux
808 2948 967 3037 apparuit,
997 2949 1193 3040 angelosque
1218 2951 1253 3019 in
1278 2956 1324 3024 20

135 3064 261 3133 obuiam
280 3062 410 3132 Domini
428 3062 538 3131 venire
556 3062 646 3131 uidit.
668 3060 831 3132 Saoerdoti
850 3072 928 3131 tune
946 3066 1044 3143 [rot.
1067 3070 1161 3146 1⁸8]
1179 3063 1252 3134 ait:

139 3208 154 3243 e
174 3182 269 3251 Pater
287 3189 409 3264 sancte,
430 3180 534 3267 ipsum
553 3199 648 3269 quem
666 3176 761 3249 teneo
779 3179 927 3247 manibus
945 3190 977 3248 et
999 3189 1035 3248 tu
1054 3199 1121 3267 ore,
1142 3177 1255 3248 Domi·

136 3318 217 3367 num
234 3297 366 3366 Jbesum
385 3296 562 3380 Christum,
578 3296 633 3385 qui
652 3315 710 3385 pro
729 3294 822 3365 nobis
840 3294 1048 3384 semetipsum
1067 3295 1167 3383 dedit,
1183 3315 1255 3366 esee

136 3410 248 3483 erede!
272 3438 285 3473 n
308 3409 520 3499 Cupientibus
536 3420 642 3477 autem
661 3409 727 3478 iilis
745 3429 819 3479 eum
838 3418 947 3479 tenere
965 3409 1126 3500 manibus,
1148 3412 1254 3481 eleua-

137 3526 184 3597 uit
208 3546 244 3595 se
267 3524 424 3593 Dominus
446 3524 562 3593 Jbesus
588 3522 735 3593 Christus
761 3524 796 3592 in
819 3524 962 3594 nubibus
983 3524 1094 3594 dicens
1114 3552 1124 3594 ι
1147 3554 1162 3587 α
1184 3527 1257 3596 Non
1282 3530 1327 3598 25

138 3664 191 3713 me
209 3640 395 3727 erubuistis,
417 3640 499 3709 serui
522 3640 598 3726 mei,
618 3640 652 3708 in
675 3640 834 3730 angustiis
857 3641 951 3728 meis,
970 3660 1032 3711 nee
1048 3662 1107 3712 uos
1123 3643 1257 3713 erubes-

139 3778 210 3829 oam
231 3758 265 3826 in
284 3778 382 3848 regno
401 3756 500 3846 petris
517 3756 593 3825 mei.
614 3756 781 3827 Hereditas
804 3767 910 3827 uestra
929 3778 1053 3828 meeum
1072 3770 1133 3847 est,
1159 3769 1190 3829 et
1208 3760 1260 3830 bis

140 3876 195 3967 qui
216 3876 314 3944 uestri
332 3874 366 3942 iu
384 3873 453 3943 suis
466 3872 664 3943 orationibus
677 3893 836 3943 memores
853 3875 985 3961 fuerint,
1001 3876 1090 3945 seius
1104 3875 1139 3944 in
1159 3894 1259 3965 regno

140 4010 227 4061 meo.
251 4018 265 4053 r
286 3989 345 4059 His
362 3987 457 4058 dietis
474 3987 603 4057 evanuit
621 3988 661 4055 ab
678 3988 781 4063 ocutis
799 4007 922 4077 eorum,
942 3998 975 4058 et
992 4000 1139 4079 reoeptus
1156 4001 1208 4060 est
1224 3991 1259 4059 in

141 4105 255 4175 eaelum
273 4124 346 4173 enm
369 4120 486 4192 magna
507 4121 596 4171 rooe.
618 4102 736 4172 Vooem
761 4101 892 4192 quidem
915 4101 1102 4191 audiebant,
1120 4104 1179 4174 sed
1200 4126 1260 4176 ne·
1285 4100 1330 4172 30

141 4220 264 4289 minem
284 4219 447 4288 uidebant.

187 4338 221 4405 7.
243 4337 417 4427 Stupetaeti
431 4346 538 4407 autem
557 4345 589 4407 et
605 4335 707 4407 nimio
721 4336 836 4427 gaudio
850 4336 914 4407 leti
929 4337 1140 4407 laudaverunt
1152 4337 1260 4427 ipsum

144 4452 202 4542 qui
219 4470 276 4523 eos
290 4451 324 4520 iu
338 4461 463 4523 tantum
477 4451 588 4523 dilexit
600 4453 752 4542 quatinus
764 4452 812 4524 eis
829 4451 1014 4524 ostenderet
1027 4452 1061 4522 in
1075 4450 1260 4523 similitudi·
