3459 5667
925 547 1079 615 ...8.-

433 687 530 773 solet,
562 684 741 756 adolevere,
774 688 828 775 Et,
862 706 905 758 ne
936 687 1008 777 ejus
1036 686 1172 777 antiqua
1199 684 1391 777 profundius
1422 695 1564 776 repetam

433 790 588 885 facinora,
612 799 669 889 qui
693 799 762 869 baec
786 801 915 889 plenius
938 801 1022 871 scire
1045 801 1184 871 uoluerit
1206 800 1293 891 legat
1315 809 1463 870 sanctum
1487 800 1565 890 Gyl-

337 962 345 973 ·
433 912 510 999 dau,
530 916 600 1005 qui,
623 914 665 985 de
686 916 755 1004 ejus
778 916 843 985 situ
868 927 902 986 et
923 915 1123 987 habitatione
1148 916 1305 1004 scribens,
1336 926 1368 986 et
1390 916 1461 1006 ejus
1484 916 1566 985 mira

434 1030 469 1097 in
492 1027 620 1098 Christo
640 1027 852 1097 conversione
872 1029 1046 1118 statimque
1069 1028 1134 1098 ritu
1154 1048 1236 1119 pene
1258 1030 1414 1119 paganico
1436 1039 1565 1118 aposta·

385 1134 408 1205 5
434 1142 535 1227 tione,
555 1151 588 1210 et
614 1140 724 1210 divina
752 1132 931 1231 lugubriter
956 1143 1102 1211 insecuta
1125 1142 1262 1230 ultione,
1283 1151 1315 1212 et
1339 1142 1410 1231 ejus
1433 1142 1563 1231 iterum,

434 1275 476 1324 ne
502 1254 632 1343 penitus
660 1254 693 1323 in
724 1254 865 1323 favillam
897 1264 929 1324 et
954 1254 1080 1324 cineres
1107 1254 1318 1345 redigeretur,
1344 1254 1563 1341 miseratione,

434 1368 533 1459 [not.
555 1386 610 1439 ro
631 1374 680 1452 νο]
701 1370 803 1439 multa
830 1368 977 1458 ejusdem
1005 1369 1130 1439 actibus
1156 1387 1299 1459 congrua
1322 1369 1405 1439 bene
1429 1379 1463 1439 et
1485 1370 1565 1439 irre.-
1673 1434 1684 1456 ,

434 1482 693 1573 prehensibiliter
710 1482 867 1572 disputat,

479 1598 556 1667 llaec
581 1606 688 1666 autem
717 1595 881 1686 quondam
900 1598 1002 1686 patria
1022 1596 1211 1687 Cyclopum,
1232 1617 1320 1667 nunc
1343 1617 1418 1667 uero
1440 1596 1564 1687 nutrix,

364 1704 407 1774 10
435 1722 472 1783 ut
495 1712 609 1798 lertur,
634 1720 857 1801 tyrannorum,
883 1711 1003 1780 divinis
1029 1732 1095 1780 non
1121 1712 1225 1781 inulta
1248 1730 1322 1779 raro
1350 1711 1407 1779 diu
1430 1711 1564 1801 quievit,

434 1839 565 1919 propter
596 1843 655 1895 sua
682 1835 824 1915 peccata,
858 1825 994 1915 flagellis
1028 1855 1035 1894 ι
1070 1836 1127 1895 aut
1158 1825 1245 1895 enirn
1273 1825 1394 1894 crebris
1423 1826 1565 1895 hostium

435 1942 681 2035 irruptionibus,
707 1950 763 2011 aut
791 1942 911 2011 civium
938 1942 1024 2010 inter
1050 1962 1086 2011 se
1114 1941 1252 2011 invicem
1280 1941 1563 2027 concussionibus,
1610 2013 1614 2021 ,

435 2064 491 2125 aut
517 2056 613 2143 lame,
640 2067 742 2147 peste,
771 2056 892 2146 gladio,
918 2057 1103 2146 morbisque
1126 2056 1282 2126 insectata
1310 2068 1360 2125 est
1386 2056 1562 2126 acerrimis.

435 2167 499 2238 Sed
522 2170 617 2259 longe
640 2170 681 2238 ab
705 2170 802 2259 liujus
826 2190 955 2260 quoque
978 2170 1124 2238 moribus
1149 2188 1279 2258 parvam
1304 2169 1444 2239 distasse
1468 2169 1565 2241 sobo·

366 2272 409 2343 15
435 2283 500 2352 lem
528 2301 620 2351 suam
649 2303 717 2351 non
745 2284 872 2372 opinor,
897 2304 968 2373 quoe
990 2283 1153 2372 quondam
1175 2283 1298 2352 ratibus
1322 2281 1364 2351 ad
1389 2282 1483 2351 istam
1508 2283 1565 2354 de·

434 2407 525 2467 uecta
544 2408 604 2484 est,
626 2398 706 2468 citra
730 2417 818 2467 mare
838 2398 1074 2480 Britannicum,
1094 2408 1225 2484 terram,
1245 2408 1388 2485 tempore
1410 2418 1476 2466 non
1502 2397 1565 2466 alio

435 2531 500 2602 quo
528 2531 608 2601 gens
636 2547 677 2561 -
706 2510 839 2579 barbara
871 2510 1008 2594 dudum,
1037 2528 1148 2598 aspera
1177 2510 1245 2600 jam
1276 2510 1387 2595 armis,
1421 2510 1566 2578 moribus

409 2678 412 2683 .
435 2623 608 2693 indiscreta
626 2662 670 2674 -
693 2624 859 2693 Saxonum
880 2606 1061 2693 maternum
1081 2622 1226 2713 possedit
1243 2624 1408 2711 cespitem.
1430 2622 1513 2692 llinc
1531 2643 1566 2693 se

436 2756 509 2807 cara
526 2737 655 2807 soboles
674 2738 707 2805 in
732 2738 831 2807 istum
850 2736 1009 2806 conclusit
1028 2743 1125 2819 [nor.
1149 2743 1287 2819 ¹142]
1307 2736 1429 2822 sinum,
1449 2758 1513 2827 quo
1532 2757 1567 2807 se

364 2852 410 2921 20
437 2859 506 2920 tnta
533 2850 616 2938 loco,
647 2850 774 2939 magnis
802 2851 965 2920 laboribus
992 2851 1091 2935 sessa,
1120 2848 1162 2920 ad
1192 2868 1281 2919 oram
1310 2850 1470 2919 concessit
1497 2850 1568 2920 sine

436 2963 521 3034 bello
539 2964 660 3052 quieta.
680 2963 808 3033 Interea
827 2963 1017 3032 miserorum
1042 2962 1096 3052 qui
1117 2973 1249 3053 paterna
1273 2963 1453 3033 incolebant
1476 2983 1564 3053 rura,

436 3089 526 3169 peste
553 3078 638 3148 loeda
664 3090 796 3168 repente
818 3090 940 3165 exorta,
965 3078 1151 3149 cateruatim
1176 3090 1208 3148 et
1230 3078 1351 3168 absque
1375 3095 1511 3146 numero
1534 3084 1567 3144 et

437 3192 559 3283 ubsque
581 3193 757 3281 sepultura,
779 3191 961 3264 miseranda
985 3201 1173 3261 sternuntur
1195 3210 1339 3281 corpora.
1359 3192 1407 3261 Ex
1433 3192 1492 3259 hac
1512 3189 1567 3259 lue

438 3324 555 3396 magna
582 3325 621 3373 ex
649 3317 737 3393 parte
763 3306 896 3395 antiqua
923 3295 1087 3375 desolatur
1107 3306 1219 3396 patria.
1241 3305 1450 3395 Tandemque
1475 3304 1567 3394 pauci

369 3417 414 3487 25
440 3427 472 3487 et
494 3417 596 3511 multo
620 3420 724 3508 pauci,
749 3420 805 3510 qui
828 3420 887 3489 ¹viu
914 3421 1086 3510 ancipitem
1111 3421 1303 3511 effugissent
1331 3419 1486 3508 gladium,
1511 3426 1568 3485 aut

440 3532 599 3603 Senticam
627 3534 774 3623 quumvis
801 3533 980 3622 inimicam,
1006 3544 1063 3603 aut
1089 3535 1264 3624 Belgicam,
1293 3532 1432 3601 natalem
1457 3540 1567 3600 autem

440 3647 601 3737 propriam
625 3648 822 3739 linquentes,
842 3650 944 3719 coacti
969 3649 1084 3719 acriter
1106 3650 1244 3719 alienam
1268 3648 1409 3740 petivere
1435 3656 1566 3715 terram.
