3459 5667
556 953 730 1028 CAPUT
765 952 861 1026 XVI

261 1199 307 1264 De
325 1198 461 1280 ejusdem
479 1196 522 1261 od
539 1214 642 1278 repent
657 1195 904 1277 prudentissimo
922 1195 1117 1277 responsione
1135 1201 1163 1259 et

485 1311 695 1393 pulcherrirna
712 1309 930 1392 predicatione.

234 1547 348 1614 Ereeto
366 1545 468 1614 saneti
487 1565 544 1635 per
562 1545 707 1614 dextram
726 1565 860 1632 corpore
879 1561 1014 1631 sacram,

191 1660 329 1729 Sanctus
348 1660 388 1727 ad
407 1660 476 1727 haee
494 1659 595 1747 hylari
614 1659 707 1727 rultu
726 1659 872 1747 profatur
890 1658 931 1725 olr
950 1677 1006 1726 ore
1028 1684 1035 1726 :

236 1801 251 1834 r
272 1773 366 1841 Mene
384 1773 462 1859 tuis,
482 1793 502 1840 o
520 1793 589 1858 rex,
609 1771 741 1841 voluisti
759 1772 870 1840 fallere
889 1771 1005 1840 donis?

189 1888 231 1955 Et
249 1887 327 1976 quid
346 1887 446 1972 enim,
466 1887 567 1955 tantis
585 1886 613 1954 si
632 1886 776 1974 colligar,
797 1885 930 1975 optime,
951 1885 1057 1972 raniS,

190 2003 292 2069 Tanta
310 2019 386 2070 cave
405 2000 498 2070 valiis
517 2011 658 2089 peterem
678 2001 811 2069 sinuosa
830 2001 976 2069 cavernis

188 2115 256 2182 Hec
274 2114 344 2182 ioca
361 2114 502 2183 deserti?
521 2115 629 2183 Satius
648 2115 806 2194 mansisse
823 2116 967 2204 paternis

188 2227 305 2304 Nonne
322 2248 379 2316 per
397 2247 472 2296 arra
491 2228 552 2296 init
570 2247 668 2317 quam
686 2229 808 2297 rictum
827 2248 970 2317 quaerere
988 2229 1096 2317 regnis

190 2341 299 2410 Scissa
316 2341 409 2430 uncis
426 2351 572 2426 tenuem,
592 2342 709 2410 reflexo
727 2362 872 2429 corpore,
892 2341 1025 2432 vangis?

190 2456 359 2544 Largissuis
377 2456 493 2544 opibus
512 2456 540 2525 si
559 2456 643 2524 flecti
662 2476 759 2544 posco
778 2455 922 2544 caducis,

189 2567 356 2656 Perpetuis
375 2568 473 2636 adimi
494 2569 549 2657 qui
569 2587 679 2637 euram
699 2579 798 2656 ponat
815 2569 935 2638 inillis

191 2681 286 2768 (Haut
304 2681 450 2769 dubium)
470 2682 599 2769 poterit.
620 2683 703 2750 Nam
721 2682 776 2770 qui
796 2702 893 2770 super
912 2692 999 2750 astra
1017 2682 1126 2751 volare

189 2794 321 2881 Nititur,
343 2795 402 2863 has
422 2804 555 2882 temptet
574 2796 740 2864 mordaces
759 2796 877 2883 pellere
895 2813 1001 2884 gazas.

192 2914 250 2992 [n‚
267 2920 339 2977 rot.
356 2923 408 2976 54
426 2915 477 2991 vo]
498 2910 559 2977 Ast
577 2930 636 2999 ego
660 2921 843 2978 sanctorum
863 2909 975 2978 nitidis
1000 2909 1040 2977 de
1063 2906 1273 2978 celicolarum

189 3025 240 3093 Me
258 3025 365 3092 satiari
386 3027 491 3114 epuiis
511 3027 624 3095 sitiens
643 3029 738 3117 cupio
758 3027 911 3095 omnibus
929 3026 1030 3095 horis.

188 3139 351 3207 Pelliculis
369 3159 471 3228 caprae
488 3141 590 3229 aspris
609 3143 715 3210 cernis
733 3152 769 3209 ut
787 3141 916 3228 induor,
938 3150 1034 3230 atque

189 3253 315 3323 Vilibus
333 3265 364 3323 et
384 3255 519 3325 modicis
536 3267 611 3323 utor
630 3265 802 3324 contentus
821 3256 861 3323 ab
881 3255 984 3324 nescis.

181 3367 231 3435 -At
249 3378 298 3453 tu,
318 3389 414 3459 parve
432 3370 542 3456 miser,
564 3370 660 3438 alieni
680 3369 822 3438 fervidus
841 3371 926 3455 auri,

190 3481 226 3548 ln
244 3482 357 3550 sericis
374 3483 536 3572 ostrisque
555 3483 621 3552 tuis
641 3483 842 3573 gemmisque
861 3483 1009 3568 nitescis,

189 3594 430 3685 Magnificisque
450 3597 515 3665 tuis
534 3598 699 3684 replentur
717 3597 839 3665 viscera
857 3585 967 3665 canis.

191 3708 361 3778 Vermibus
380 3721 453 3798 apta
471 3722 575 3778 tumet
594 3711 685 3778 tetris
704 3731 778 3779 caro
797 3702 870 3778 laeta
889 3710 1022 3798 saginis,

191 3822 232 3888 Et
251 3820 337 3890 tibiae
356 3825 571 3912 cytharaeque,
592 3824 668 3911 lyrae
688 3845 762 3891 cum
780 3844 960 3907 murmure,
981 3823 1113 3911 plectra,

191 3936 355 4024 Tympana
373 3957 430 4025 per
448 3947 572 4005 vestras
591 3938 749 4026 plaudunt
768 3937 962 4032 stridoribus
981 3937 1078 4005 aedes

192 4047 251 4115 Dic
271 4048 324 4115 ubi
343 4060 420 4116 sunt
438 4069 531 4136 reges
550 4049 614 4116 alta
633 4049 710 4117 olim
730 4070 769 4118 ex
788 4067 861 4116 aree
880 4048 1064 4117 tumentes?

192 4161 277 4230 Hine
295 4162 420 4250 inopeS,
441 4182 615 4251 rerumque
634 4173 795 4251 potentes,
817 4162 871 4230 die
890 4162 943 4229 ubi
962 4181 1050 4230 nunc
1068 4160 1168 4230 sunt?

194 4276 253 4344 Dic
270 4263 527 4364 comptus'oultu
546 4276 639 4345 fulsit
659 4279 713 4367 qui
733 4265 844 4345 clarus
857 4277 891 4345 in
911 4277 1032 4365 amplo,

195 4390 378 4461 Innumeris
397 4400 509 4481 septus
528 4391 652 4480 cuneis,
674 4401 730 4459 ant
749 4390 801 4459 die
819 4390 874 4458 ubi
893 4391 982 4459 nunc
999 4389 1063 4460 siti
