3459 5667
1855 531 2208 599 ..-.ss....-

969 675 1217 743 xxm.
1257 672 1353 742 De
1397 671 1670 743 muliere
1715 672 1934 743 subita
1984 669 2281 741 aecicate
2328 667 2624 760 perculsa
2672 679 2738 739 et
2774 670 2877 739 ab.
2905 670 3134 742 eodem

881 799 1125 855 sanata„

969 899 1248 969 ΧΧῊΙΙ.
1297 900 1392 970 De
1445 899 1586 990 ejus
1628 899 1813 969 obitu
1867 900 1949 969 ab
2003 896 2235 989 angelo
2289 898 2703 987 pronuntiato
2761 908 2828 968 et
2882 900 3134 971 amicali

881 1015 1291 1085 auncufiune.

781 1131 825 1195 5
969 1131 1189 1199 xxix.
1233 1131 1327 1199 De
1361 1129 1500 1220 ejus
1542 1130 1800 1215 animae,
1843 1141 1994 1219 post
2040 1147 2286 1198 sacram
2338 1128 2626 1218 corporis
2671 1128 2909 1201 Christi
2956 1149 3135 1201 com-

881 1247 1280 1334 munionem,
1321 1261 1361 1312 a
1393 1244 1635 1314 sanctis
1670 1245 1921 1334 angelis
1968 1245 2032 1312 in
2073 1243 2300 1312 caelum
2338 1243 2663 1313 translatae
2698 1243 2830 1313 leni
2864 1264 3134 1333 suscep·

877 1359 1077 1427 tione*
2180 1370 2183 1375 '

969 1747 1285 1812 *auctores
1320 1762 1472 1810 vero
1508 1742 1747 1830 quibus
1795 1751 2083 1810 nostram
2134 1741 2201 1808 in
2259 1741 2405 1810 istis
2452 1739 2760 1808 libellulis
2806 1739 3132 1829 supplevi·-

881 1879 1029 1927 1111111
1081 1857 1558 1943 sententiolam,
1599 1867 1864 1944 excepto
1916 1855 2091 1945 quod
2127 1875 2324 1924 sacrae
2372 1855 2749 1944 nosmetipsi
2789 1855 3135 1943 Scripturae

745 1971 829 2043 10
885 1971 1170 2039 fontibus
1209 1969 1463 2036 haurire
1492 1970 1821 2057 potuimus
1857 1980 1922 2037 ct
1957 1968 2132 2057 quod
2167 1986 2366 2036 sacrae
2393 1968 2586 2055 hujus
2625 1967 2805 2034 firma
2834 1968 3135 2056 hystoriae

885 2083 1149 2171 predicti
1201 2082 1404 2150 sancti
1460 2091 1787 2169 gestorum
1840 2080 2053 2147 radice
2109 2080 2575 2163 contraximus,
2616 2080 2683 2146 hi
2739 2090 2894 2148 sunt
2934 2106 2951 2147 ε
2993 2082 3135 2148 Au-

885 2199 1209 2283 gustinns!¹
1259 2192 1706 2280 Cassiodorus,
1756 2193 2113 2279 Isiodorus,
2163 2193 2510 2283 Gregorius
2560 2213 2724 2283 papa
2777 2176 3134 2282 RomanuS,

881 2311 1213 2379 „lohannes
1255 2306 2034 2395 Constantinopolitanus,
2073 2307 2314 2395 Pymen
2353 2307 2516 2374 abba
2562 2307 2645 2375 ab
2695 2313 2889 2390 [rol.
2940 2325 2990 2379 8
3039 2314 3137 2389 τ’]

885 2427 1117 2511 loseph
1149 2423 1375 2491 abbate
1401 2424 1859 2512 interrogatus,
1889 2424 2011 2492 ctsi
2049 2424 2158 2511 qui
2188 2423 2294 2490 aiii
2334 2432 2513 2491 sunt.
2546 2423 2835 2505 Quorum
2874 2423 3138 2512 quidem

749 2535 833 2603 15
889 2543 1149 2607 numina
1189 2539 1595 2627 singulorum
1639 2559 1677 2605 e
1719 2539 1984 2628 regione
2032 2539 2371 2606 seutentiae
2418 2540 2484 2606 in
2535 2538 2935 2627 marginibus
2980 2537 3140 2605 sub-

888 2663 1111 2719 notare
1165 2651 1558 2737 curabimus,
1624 2670 1709 2719 ne
1768 2651 2096 2720 fastidium
2153 2652 2391 2741 legenti
2446 2651 2670 2721 eadem
2724 2662 2858 2719 tam
2912 2651 3139 2720 crebro

889 2771 1181 2839 iterando
1217 2770 1480 2860 gignere
1517 2767 1876 2839 videamur.
