3459 5667
943 590 1121 661 ...36-

464 742 548 801 reret
567 731 802 801 inconcessam.
823 730 907 799 Nota
924 732 982 800 tibi
1005 731 1105 801 astuti
1130 729 1302 819 serpentis,
1326 729 1381 818 qni
1406 730 1540 820 pervigil
1558 731 1592 801 in

464 846 560 914 rebus
585 847 737 935 pessimis
761 844 936 935 quaerendo
963 865 1060 935 quem
1090 845 1221 913 deuoret
1247 843 1505 930 circuit,adbuc
1527 865 1592 913 nou

464 960 590 1028 lucrant
609 961 882 1046 machinamenta,
905 967 1002 1042 [nol.
1017 977 1072 1030 aa
1092 965 1141 1042 νο]
1163 958 1238 1048 quia
1256 975 1451 1047 quamquam
1470 958 1593 1026 dormi·

462 1094 526 1161 res,
542 1074 596 1141 ille
613 1085 720 1142 tamen
740 1093 908 1163 nunquam
927 1075 1079 1163 quiescit,
1101 1073 1170 1162 qui,
1185 1082 1306 1161 quanto
1320 1072 1461 1141 securior
1479 1073 1590 1157 fueris,

414 1187 437 1255 5
462 1198 553 1256 tanto
582 1187 735 1277 nequitiae
767 1208 834 1256 suae
861 1207 950 1257 arma
977 1203 1164 1276 preaesens,
1194 1185 1349 1275 ungulam
1380 1185 1414 1252 in
1441 1205 1498 1254 cor
1525 1206 1591 1254 non

462 1300 581 1368 desinit
598 1300 707 1388 figere.
731 1328 746 1363 a
766 1300 833 1369 Nec
850 1301 943 1389 plura
961 1302 1102 1386 locutus,
1123 1300 1253 1368 elevans
1278 1300 1371 1366 illum
1393 1318 1494 1366 manu
1512 1298 1592 1367 dex·
1645 1316 1650 1321 ·

460 1423 530 1481 tera
550 1440 558 1481 :
583 1440 598 1473 c
621 1413 721 1501 Vade,
741 1414 859 1503 inquit,
876 1415 1010 1483 ostende
1029 1414 1126 1481 michi
1145 1413 1252 1482 locum
1272 1412 1307 1481 in
1325 1432 1390 1501 quo
1408 1424 1441 1480 te
1460 1411 1591 1481 illicitus

461 1526 614 1614 corripuit
628 1546 775 1595 somnus.
792 1556 806 1588 s
824 1528 891 1595 Nec
906 1547 1008 1613 mora,
1024 1526 1171 1616 quamvis
1189 1525 1316 1613 debilis,
1333 1535 1468 1614 urgente
1483 1534 1590 1593 tarum

460 1643 663 1730 necessitate,
693 1645 745 1711 sui
776 1643 935 1732 deputans
963 1654 995 1712 et
1028 1644 1185 1712 conlitens
1219 1644 1345 1730 culpant
1378 1640 1590 1729 redarguente

391 1753 435 1821 10
460 1757 670 1841 couscientia,
691 1758 832 1845 perrexit
851 1758 891 1825 ad
912 1759 1019 1826 locum
1038 1767 1070 1825 et
1089 1757 1228 1825 multum
1248 1756 1419 1844 deplorans
1447 1785 1455 1823 z
1484 1782 1499 1815 c
1525 1755 1588 1839 En,

460 1873 577 1961 inquit,
594 1873 700 1940 locum
721 1872 775 1939 ubi
796 1893 848 1940 me
868 1873 1002 1942 modicae
1021 1873 1176 1941 miserum
1194 1871 1354 1940 dedissem
1375 1870 1495 1959 qniaeti.
1519 1898 1532 1931 o

488 1988 641 2056 'Sanctus
660 1987 800 2076 denique
817 1989 1051 2076 Uuinualoens,
1067 1998 1227 2078 prostrato
1246 1988 1281 2055 in
1300 1988 1445 2055 oratione
1463 1985 1504 2055 ad
1522 1994 1590 2054 ter-

458 2119 527 2169 ram
547 2123 692 2191 corpore,
707 2105 947 2193 prospectisque
965 2105 1214 2194 circumquaque
1228 2104 1263 2170 in
1281 2103 1416 2171 circuitu
1436 2101 1588 2170 omnibus

459 2213 538 2283 locis
552 2232 589 2281 ac
606 2215 721 2284 tellure
736 2216 776 2285 de
789 2216 921 2306 cuspide
933 2217 1037 2285 baculi
1052 2217 1104 2284 sui
1119 2218 1265 2303 lustrata,
1281 2215 1443 2304 quandam
1457 2213 1586 2282 tandem

390 2318 432 2389 la
459 2329 582 2397 invenit
600 2330 762 2416 fissuram,
783 2330 838 2397 ubi
858 2351 893 2399 se
916 2332 1076 2420 lucifugas
1100 2351 1276 2420 expersque
1294 2331 1360 2399 veri
1384 2328 1517 2397 luminis
1535 2328 1587 2395 lu·

458 2440 567 2509 bricus
593 2441 709 2529 anguis
733 2441 931 2510 occulendus
959 2453 1044 2512 atras
1075 2464 1201 2531 semper
1232 2442 1369 2511 amando
1399 2448 1496 2525 [Μ.
1514 2446 1583 2523 n]

458 2556 631 2625 occultarat
644 2556 794 2625 latebras.
807 2558 944 2645 Moxque
957 2558 1010 2626 ubi
1026 2558 1118 2647 signa
1130 2560 1201 2647 ejus
1213 2558 1344 2627 inuenta
1356 2567 1433 2628 sunt
1445 2557 1582 2625 clamat:

461 2675 649 2765 «Quicquid
668 2675 791 2744 laetiferi
811 2676 946 2744 seminis
965 2677 999 2744 in
1017 2678 1080 2745 ista
1094 2679 1201 2745 latitas
1220 2678 1314 2764 rima,
1330 2696 1474 2764 erumpe,
1490 2693 1586 2768 perge

457 2789 555 2875 foras,
572 2788 691 2859 Christi
706 2788 812 2858 edisce
830 2792 976 2880 trophea.
991 2819 1005 2851 a
1020 2791 1086 2859 Nee
1100 2791 1155 2860 diu
1170 2802 1326 2875 moratus,
1342 2791 1452 2858 audito
1466 2787 1585 2858 Christi

385 2896 430 2969 20
456 2903 601 2988 nomine,
629 2922 801 2993 squameus
825 2904 983 2991 (mirabile
1009 2906 1090 2993 visu)
1115 2914 1317 2994 turgescente
1344 2904 1427 2973 collo
1450 2902 1584 2971 sibilans

456 3017 603 3107 apparuit
627 3037 771 3105 serpeus.
794 3018 858 3087 Sed
883 3018 994 3086 statim
1017 3018 1121 3087 crucis
1138 3018 1259 3086 Christi
1281 3018 1397 3087 vexillo
1415 3016 1585 3086 confossus

455 3152 512 3220 per
543 3150 675 3199 manum
707 3131 767 3199 viri
799 3131 857 3200 Dei
889 3132 1025 3219 emisso,
1060 3132 1107 3199 nil
1139 3132 1380 3220 contradicens,
1414 3140 1584 3199 contorsus

454 3249 583 3317 nemine
606 3248 753 3335 feriente,
777 3249 1007 3318 inexcusabilis
1031 3250 1129 3318 miser
1152 3250 1286 3319 interiit.
1314 3251 1451 3319 Sanetus
1475 3257 1582 3316 autem

453 3362 502 3430 vir
520 3362 587 3429 Deo
605 3362 724 3450 gratias
743 3381 842 3450 agens
861 3382 977 3453 aquam
997 3363 1100 3450 petiit,
1116 3374 1149 3431 et
1167 3384 1241 3431 cum
1261 3363 1333 3431 oleo
1355 3362 1465 3430 inlusa
1482 3361 1583 3429 bene·

382 3466 427 3537 25
453 3475 594 3545 dictione
622 3476 800 3565 miscitans,
821 3479 950 3547 infirmo
979 3500 1061 3567 pene
1086 3499 1211 3548 veneno
1234 3488 1425 3567 consumpto
1448 3474 1583 3565 porrigit

451 3590 635 3661 bibendam.
651 3592 699 3659 Ae
717 3592 825 3660 statim
844 3592 987 3681 ejusqui
1007 3612 1089 3681 pene
1103 3603 1251 3661 mortuus
1264 3592 1368 3660 luerat
1386 3588 1580 3675 extenuatis,

450 3722 647 3793 prepropere
668 3726 781 3775 rursus
808 3707 892 3775 miro
918 3708 951 3775 in
975 3708 1072 3776 modo
1096 3708 1249 3776 redeunte
1274 3727 1331 3797 per
1354 3706 1497 3775 membra
1523 3724 1581 3773 ne·

450 3836 549 3902 neno,
573 3818 710 3888 artubus
734 3820 886 3888 animatis
905 3821 1060 3909 paulatim
1079 3832 1287 3890 succrescunt
1309 3820 1461 3889 uitalibus
1482 3818 1579 3886 uires.

449 3931 506 3999 Vir
532 3943 640 4001 autem
671 3938 768 4016 [Μ.
793 3951 849 4005 4⁸
875 3942 924 4017 νο]
955 3936 1084 4005 Domini
1113 3936 1363 4024 prudentissime
1389 3950 1582 4003 ammonens

379 4038 424 4113 30
448 4056 545 4136 caput
571 4048 731 4137 serpentis
760 4049 813 4117 ubi
846 4050 1029 4139 apparuerit
1061 4070 1132 4119 esse
1162 4049 1408 4138 conterendum,
1442 4048 1579 4135 scilicet,

448 4174 557 4253 aperte
570 4164 796 4235 demonstrans
807 4186 906 4255 prauo
918 4166 1071 4255 usui,ubi
1082 4166 1336 4252 emerserit,eito
1347 4164 1577 4249 resistendum,

447 4281 494 4349 nil
515 4283 732 4372 presumptive
751 4302 863 4373 agens,
888 4284 1006 4374 gratias
1029 4286 1095 4353 Deo
1115 4303 1271 4353 unacum
1296 4293 1409 4353 sanato
1426 4301 1527 4372 puero
1546 4288 1580 4351 et

449 4404 546 4492 [cum]
567 4402 719 4474 omnibus
738 4402 1022 4477 circumstantibus
1040 4403 1198 4477 referebat
1214 4402 1339 4476 laudes.
