3459 5667
586 605 786 677 -131-

602 913 703 984 Lectio
726 915 763 985 l'.

171 1150 240 1223 Sub
271 1171 310 1224 eo
340 1152 451 1225 itidem
478 1163 634 1248 tempore,
665 1155 728 1227 alia
758 1154 860 1226 uirtus
889 1153 959 1246 eius
988 1153 1240 1244 demonstratur,

126 1265 215 1357 qnia,
235 1267 312 1338 dnm
331 1268 469 1360 quadam
487 1269 539 1340 die
559 1289 738 1360 pauperum
755 1269 878 1340 doleret
895 1268 1037 1360 inopiam
1055 1279 1087 1339 et
1108 1268 1242 1340 uerbum

126 1382 357 1453 consolationis
384 1384 432 1454 eis
454 1384 665 1474 impenderet,
685 1384 814 1475 quidam
836 1384 997 1453 transiens
1017 1385 1105 1453 hune
1130 1382 1243 1453 derisit

126 1498 355 1569 subsannando
377 1499 488 1569 dicens
508 1526 517 1570 ι
541 1527 556 1562 α
578 1499 642 1570 Cur
662 1520 728 1570 non
751 1508 783 1569 et
806 1497 859 1568 bie
882 1497 1088 1568 elemosinam
1113 1495 1160 1565 nil
1184 1496 1242 1565 ba·

125 1612 278 1684 bentibus
305 1613 450 1684 doreti»
475 1615 533 1686 llle
561 1627 669 1685 autem
700 1615 763 1685 cito
790 1636 892 1684 unum
920 1634 1052 1684 sumens
1079 1632 1199 1682 oaeenm
1226 1632 1244 1682 e
1291 1603 1314 1675 5

125 1728 234 1800 medio
261 1729 497 1821 languentium,
524 1740 647 1800 secreto
673 1728 798 1820 aperuit
820 1730 931 1800 oculos
955 1729 1024 1820 ejus
1046 1728 1080 1797 in
1104 1728 1187 1817 loeo,
1213 1736 1245 1797 et

125 1865 185 1934 pro
214 1845 275 1916 boo
299 1846 472 1916 maximam
499 1845 540 1916 ab
565 1864 623 1916 ore
649 1843 793 1937 magistri
818 1854 851 1916 et
877 1845 1013 1916 fratrum
1037 1846 1118 1935 ejus,
1147 1843 1245 1916 etiam

125 1962 256 2052 nolens,
275 1961 408 2034 sustulit
424 1961 564 2034 laudem.

593 2269 695 2368 ntro
717 2270 773 2342 m.

171 2511 312 2598 Rursus,
327 2507 388 2580 snb
405 2508 518 2581 eodem
534 2509 632 2601 hujus
646 2511 799 2601 temporis
812 2508 958 2600 articulo,
974 2525 1156 2599 germanam
1174 2507 1245 2600 ejus

129 2646 275 2696 sororem
297 2625 402 2696 adhue
419 2626 621 2713 infantulam,
641 2645 753 2696 ansere
775 2625 932 2713 trahente,
952 2624 1051 2693 fertur
1068 2623 1247 2715 perdidisse

129 2740 274 2826 oculum,
293 2749 325 2808 et
347 2739 389 2809 ob
413 2739 474 2810 boo
496 2740 646 2830 angelum
668 2739 729 2808 sibi
756 2739 931 2809 demissum
955 2749 991 2806 nt
1017 2737 1086 2828 ejus
1112 2739 1246 2828 languo·
1271 2745 1314 2816 10

128 2875 198 2926 rem
218 2862 315 2939 [not.
340 2863 432 2940 aaz]
453 2868 589 2926 curaret.
605 2856 728 2946 Itaque,
743 2876 817 2925 oum
836 2854 882 2924 sic
897 2854 1010 2944 angelo
1028 2864 1244 2945 optemperas·
1303 2859 1306 2866 '

128 2983 179 3042 set
207 2983 239 3043 et
265 2975 395 3044 oenlnm
416 2973 457 3043 de
481 2973 659 3044 uentriculo
681 2972 767 3042 alitis
792 2971 992 3042 distraxisset
1019 2981 1051 3040 et
1076 2970 1111 3038 in
1137 2971 1244 3040 locum

128 3108 227 3158 auum
255 3089 446 3159 incolomem
473 3089 707 3175 recollooasset,
736 3097 768 3158 et
796 3108 940 3158 sororem
966 3086 1035 3176 ejus
1062 3085 1186 3155 sanauit
1214 3094 1247 3155 et

128 3206 240 3275 alitem
264 3208 350 3299 gregi
374 3228 434 3277 suo
454 3227 569 3278 sanum
594 3206 746 3278 restituit.
766 3207 808 3277 Et
829 3226 869 3277 ex
882 3205 950 3276 ‘hae
972 3223 1036 3275 nna
1060 3203 1131 3274 duae
1156 3203 1248 3274 sacta

129 3331 209 3392 sunt
226 3321 373 3393 virtutes.
1272 3321 1317 3394 lt

174 3436 267 3524 Item,
287 3457 360 3507 cum
379 3437 508 3527 qnidam
526 3437 702 3528 discipulus
720 3417 852 3508 nomine
870 3437 1068 3529 Thelgonns,
1083 3452 1210 3505 morsus
1228 3451 1249 3504 a

130 3560 279 3640 serpente
297 3551 332 3621 in
355 3553 435 3643 pede
458 3555 584 3645 suisset,
605 3573 735 3645 aspersa
760 3573 938 3644 enm-aqua
959 3552 1128 3623 inundavit
1148 3552 1247 3622 bene·

130 3665 228 3756 dieta,
251 3670 507 3759 turgesoentibus
525 3671 593 3762 jam
617 3673 713 3741 morti
735 3672 917 3762 proximum
940 3668 1105 3755 membris,
1125 3675 1158 3737 et
1180 3687 1248 3736 ser-

129 3802 212 3872 pens
239 3783 373 3874 crepito,
398 3785 491 3876 signo
515 3785 618 3855 omois
639 3787 774 3876 elevato,
802 3786 926 3856 interiit
952 3784 1089 3874 divisus,
1107 3791 1140 3854 et
1165 3781 1249 3854 ultra

128 3917 290 3992 nusquam
309 3901 343 3972 in
361 3901 417 3974 illa
433 3912 519 3975 terra
536 3903 643 3975 uisum
659 3914 710 3975 est
726 3903 790 3975 tale
808 3923 922 3996 genus.
1272 3890 1318 3962 20

589 4214 691 4329 Lectio
714 4216 786 4284 VII.
913 4295 914 4298 Ἴ

179 4455 287 4546 Atque
313 4451 425 4525 eodem
446 4453 642 4547 intempore
663 4477 716 4527 res
736 4453 877 4527 maxima
892 4452 976 4525 lanta
995 4461 1056 4526 est.
1074 4453 1156 4526 Nam
1174 4471 1247 4558 oum
