3459 5667
589 587 765 656 ...59-

96 727 238 802 nullum
256 733 355 813 [teet.
368 731 437 809 oa]
462 725 594 812 iterum,
618 737 654 798 ut
678 727 712 795 in
741 726 926 816 precedenti
954 725 1064 796 libello
1085 727 1151 818 jam
1175 728 1245 800 dic·

97 850 181 921 tum
199 851 260 927 est,
288 849 453 929 expertem
476 840 624 910 omnium
648 839 785 910 omnino
812 840 905 928 iacit,
932 841 991 912 sed
1019 841 1093 920 ideo
1117 852 1150 913 te
1178 854 1243 914 tam

99 955 321 1033 excellentem
350 954 438 1040 fecit,
467 963 505 1024 ut
534 954 642 1042 multi,
676 955 824 1044 exemplo
855 954 904 1024 tui
936 975 1035 1051 prope
1064 957 1117 1033 vei
1149 957 1248 1048 louge

102 1069 254 1156 fruituri,
286 1079 319 1139 te
346 1068 438 1157 quasi
466 1070 686 1159 spectaculum
717 1069 887 1156 baberent,
913 1069 954 1138 ad
984 1069 1072 1160 quod
1104 1073 1246 1164 aspicere

103 1201 240 1272 semper
265 1181 430 1252 deberent.
458 1182 535 1259 Ideo
559 1193 760 1254 autemnon
787 1183 845 1259 uni
873 1182 996 1270 omnia,
1016 1185 1073 1260 sed
1097 1187 1246 1274 perplura
1296 1184 1318 1256 5

104 1295 232 1372 dautur
248 1295 279 1372 ei
296 1315 394 1385 quem
420 1296 527 1369 lucere
548 1297 622 1366 eliis
645 1297 801 1388 disponit,
821 1317 864 1366 ne
883 1296 918 1372 iu
937 1299 1121 1388 superbiam
1141 1300 1245 1372 elatus

103 1418 251 1491 corruat.
273 1409 342 1485 Hoc
365 1409 448 1480 bene
469 1431 527 1501 per
544 1411 779 1480 Hiezecbielern
802 1411 994 1497 declaratur,
1015 1412 1069 1482 ubi
1091 1412 1211 1504 legitur
1233 1443 1241 1483 ι

109 1554 128 1589 α
150 1528 299 1604 Pennata
325 1527 479 1603 animalia
502 1527 571 1598 atas
598 1529 715 1598 alteras
741 1527 782 1597 ad
810 1529 944 1604 alteram
967 1530 1100 1618 feriunt,
1129 1558 1143 1592 ι
1170 1531 1247 1622 quia

107 1661 230 1718 omues
259 1643 362 1721 saneti
390 1663 426 1712 se
454 1643 593 1715 invicem
620 1644 689 1712 suis
717 1643 891 1713 virtutibus
922 1653 1072 1734 tangunt,
1107 1654 1140 1723 et
1172 1666 1245 1716 sese

107 1755 153 1840 ad
173 1755 352 1845 proiectum
374 1756 515 1829 excitant
539 1777 579 1826 ox
601 1757 859 1827 consideratione
877 1757 1006 1836 virtutis
1025 1759 1150 1829 alienae.
1171 1761 1245 1830 Non
1276 1754 1320 1834 10

109 1870 204 1950 enim
217 1871 275 1940 uni
293 1870 412 1940 dautur
429 1870 553 1956 omnia,
567 1881 604 1939 ut
621 1871 733 1960 prefati
753 1891 880 1960 sumus,
897 1891 938 1940 ne
958 1872 992 1940 in
1012 1872 1162 1960 superbia
1180 1875 1249 1944 ela·

111 1996 170 2056 tus
197 1984 306 2072 cadet,
332 1985 390 2054 sed
417 1984 494 2054 huic
521 1985 615 2055 datur
642 1985 729 2074 quod
748 1985 797 2054 illi
820 2005 886 2055 non
906 1985 1013 2073 datur,
1033 1997 1066 2054 et
1085 1987 1132 2055 itti
1152 1988 1247 2058 datur

112 2101 205 2192 quod
232 2100 308 2171 hnic
333 2101 524 2191 denegetur,
548 2111 597 2191 ut,
618 2103 696 2171 dum
724 2104 787 2171 iste
807 2102 990 2173 considerat
1013 2103 1135 2172 bonum
1160 2104 1248 2194 quod

113 2216 214 2292 babet
249 2216 303 2286 ilie
333 2225 366 2284 et
400 2216 471 2304 ipse
509 2235 576 2284 non
612 2216 723 2298 habet,
754 2215 846 2286 ilium
883 2216 945 2286 sibi
981 2217 1017 2284 in
1054 2217 1247 2306 cogitatione

115 2327 218 2419 [not.
245 2345 298 2400 oe
325 2335 376 2411 νο]
395 2329 546 2415 preferat,
560 2337 594 2396 et
611 2348 754 2415 rursum,
770 2327 849 2399 dum
863 2328 918 2398 iile
933 2329 1021 2399 hunc
1035 2329 1115 2399 illud
1129 2330 1247 2400 habere
1278 2330 1321 2400 15

115 2442 276 2530 conspicit
307 2441 393 2531 qood
420 2441 490 2530 ipse
521 2463 588 2512 non
621 2442 733 2528 babet,
766 2443 796 2511 ei
829 2461 864 2511 se
897 2443 931 2512 in
964 2462 1024 2513 sua
1055 2445 1248 2533 cogitatione

115 2566 303 2648 postponat,
319 2566 352 2624 et
364 2555 419 2626 fiat
432 2556 520 2647 quod
533 2556 689 2646 scriptum
703 2565 753 2626 est
769 2583 777 2625 ι
797 2583 812 2618 a
830 2555 1020 2648 Superiores
1034 2556 1095 2625 sibi
1110 2555 1248 2626 invicem

116 2670 361 2748 arbitrantes.»
1100 2735 1101 2739 ,

163 2786 206 2853 Ut
237 2785 326 2853 eninr
358 2804 460 2874 pauca
491 2805 531 2854 ex
561 2765 674 2856 multis
696 2785 821 2874 loquar,
847 2784 901 2852 isti
927 2783 1017 2855 mirae
1044 2780 1248 2852 abstinentiae

118 2898 224 2967 virtus
251 2899 417 2986 tribuitur,
441 2910 475 2968 et
501 2907 610 2969 tamen
637 2898 771 2966 uerbum
795 2896 939 2967 scientiae
967 2917 1032 2964 non
1061 2896 1168 2965 habet.
1198 2893 1247 2962 Illi
1276 2899 1321 2984 20

119 3015 214 3084 datur
232 3017 365 3084 verbum
385 3016 541 3102 scientiae,
566 3026 724 3084 ettamen
745 3015 895 3082 virtutem
915 3015 1062 3102 perfectae
1081 3011 1249 3080 abstineo-2

119 3127 173 3196 tiae
196 3128 434 3217 apprehendere
459 3139 595 3197 conatur
617 3139 649 3197 et
675 3149 740 3198 non
769 3128 865 3197 valet.
896 3128 979 3197 Huic
1003 3128 1134 3196 libertas
1161 3119 1249 3195 vocis

120 3238 284 3324 tribuitur,
304 3249 339 3307 ut
363 3239 525 3330 obpressis
546 3241 728 3330 quibusque
751 3240 958 3328 profectionis
980 3240 1094 3309 solatia
1122 3239 1248 3326 impen-

120 3350 200 3419 dens
231 3350 271 3418 ad
304 3351 525 3422 defensionem
553 3353 695 3443 justiciae
726 3353 826 3421 libere
857 3354 1022 3442 loquatur,
1053 3350 1107 3420 sed
1140 3361 1248 3420 tamen

121 3465 227 3534 adbuc
244 3466 346 3533 muita
368 3466 402 3532 in
427 3466 489 3535 hoc
512 3467 635 3535 munde
659 3466 829 3556 possidens
851 3468 1035 3555 relinquere
1054 3465 1163 3533 omnia
1181 3466 1250 3533 vuit
1277 3473 1322 3542 25

122 3588 155 3648 ot
179 3599 246 3646 non
272 3578 370 3648 ualet.
391 3579 442 3647 liii
465 3600 542 3649 vero
565 3580 633 3668 jam
660 3579 771 3648 datum
799 3589 848 3648 est
875 3580 985 3648 omnia
1004 3590 1132 3648 terrena
1150 3579 1250 3648 relin-
1299 3617 1301 3621 -

17 3732 18 3735 =
124 3711 233 3779 quere,
264 3703 300 3760 ut
330 3693 429 3762 nichil
457 3693 492 3760 in
520 3694 582 3762 hoc
609 3692 864 3782 mundocupiat
891 3695 1020 3780 habere,
1052 3693 1108 3762 sed
1141 3703 1249 3762 tamen
1344 3700 1345 3704 ’

122 3805 227 3873 adbuc
245 3807 467 3875 auctoritatem
487 3807 686 3899 voeis[1¹ot.
706 3815 774 3890 us]
787 3818 899 3876 contra
913 3819 1084 3897 peccantes
1103 3827 1250 3896 quosque

122 3939 188 3997 pon
209 3921 365 4009 presumit
385 3942 543 3992 exercere.
564 3925 606 3992 Et
625 3923 680 4014 qui
701 3921 774 3992 ideo
797 3923 872 4014 plus
894 3923 984 4012 loqui
1005 3923 1105 3992 libere
1124 3923 1246 4010 debuit,

94 4038 96 4040 ’
124 4033 279 4126 quia-jam
299 4055 367 4112 noo
390 4036 487 4110 babet
511 4036 598 4107 unde
620 4038 682 4110 boc
704 4035 827 4114 mundo
849 4047 1009 4124 teneatur,
1031 4036 1119 4126 loqui
1138 4048 1250 4106 contra
1277 4031 1322 4102 30

81 4162 84 4167 ’
125 4149 207 4224 alios
229 4149 330 4226 libere
353 4160 492 4243 recusat,
516 4171 559 4221 ue
577 4151 679 4240 ipsam
698 4151 772 4220 vitae
790 4171 858 4228 suae
881 4150 1023 4240 quietem
1046 4150 1248 4240 perdat.1sti

101 4320 104 4324 .
122 4263 226 4337 ¹virtus
244 4265 421 4356 prophetiae
439 4265 513 4334 deta
531 4276 581 4334 est
599 4265 713 4352 multa,
733 4265 801 4354 jam
817 4285 892 4360 quae
915 4275 1052 4336 venture
1077 4273 1154 4342 sunt
1173 4285 1248 4352 pro-
1312 4360 1315 4364 .

126 4378 225 4469 videt,
248 4380 306 4450 sed
328 4389 436 4452 tamen
458 4381 617 4472 presentis
640 4380 779 4472 proximi
802 4380 1025 4480 egritudinem
1049 4379 1249 4479 prospiciens
