3459 5667
608 584 740 675 -rm
763 644 804 657 -

127 736 328 829 linguarum
348 746 585 817 coruscationes
611 747 651 817 de
674 748 751 818 eaelo
770 747 908 818 emissas
930 748 1047 837 quibus
1068 771 1173 821 nouus
1193 773 1266 823 eum

126 853 214 922 rudi
249 857 336 927 fonte
365 859 561 931 imbueretur
590 884 724 952 cuneus,
754 863 798 932 ita
826 873 862 931 ut
889 864 975 955 quod
1003 865 1087 955 ignis
1114 867 1267 937 doetrinae

126 968 344 1061 contingeret
361 974 561 1065 baptismatis
584 979 670 1047 unda
692 979 858 1047 dilueret:
880 980 923 1048 ita
946 980 1042 1048 etiam
1060 992 1092 1050 et
1109 982 1267 1051 Dominus

124 1082 262 1155 Jhesus
280 1086 428 1159 Christus
452 1091 545 1161 nobis
564 1093 743 1162 transmisit
765 1102 914 1162 sanetum
937 1093 1207 1192 Guingualoenm,
1226 1096 1267 1165 de

127 1198 251 1269 insula
269 1202 471 1297 Tbopopegia
486 1221 671 1300 pergentem
690 1210 782 1279 sieeis
795 1210 932 1300 pedibus
945 1231 1017 1280 eum
1037 1212 1187 1280 undecim
1201 1214 1266 1282 sra-
1314 1214 1336 1283 5

125 1313 249 1385 tribus
276 1338 332 1406 per
356 1321 552 1409 profundum
582 1324 727 1413 pelagus,
755 1344 922 1413 quousque
949 1325 1144 1394 Cornnbiam
1168 1325 1265 1395 deue-

126 1429 239 1499 niret.
262 1432 325 1501 Sed
345 1435 452 1504 statim
472 1457 511 1506 ex
530 1459 594 1527 qno
613 1438 666 1507 ille
685 1438 936 1529 amabilissimus
955 1439 1056 1524 venit,
1076 1439 1160 1508 sicea
1178 1440 1267 1531 rupis

127 1564 233 1635 aquae
259 1547 351 1636 jussa
377 1560 427 1620 est
454 1550 588 1623 sundere
615 1553 719 1622 eidem
743 1563 856 1623 sancto
883 1554 1004 1623 fontem
1031 1553 1263 1645 Gningualoeo.

127 1661 195 1731 Illo
217 1645 296 1734 vero
320 1678 464 1757 rogante,
490 1690 555 1739 non
579 1670 740 1739 modicum
766 1672 840 1739 feeit
864 1670 1033 1740 inundare.
1056 1672 1114 1740 His
1137 1682 1169 1740 et
1194 1672 1267 1741 aliis

126 1776 314 1849 uirtutibus
333 1782 402 1872 ejus
420 1785 566 1872 plurimis
585 1787 787 1887 tantisatque
806 1787 1021 1856 manifestatis
1044 1786 1163 1855 ibidem
1183 1797 1265 1856 nutu
1293 1787 1336 1856 10

128 1894 194 1964 Dei
229 1897 359 1984 enituit,
389 1900 509 1969 seiiieet
537 1920 638 1971 eaeeos
668 1902 873 1990 illuminavit,
904 1903 1020 1972 surdos
1044 1899 1154 1972 andire
1177 1897 1270 1989 feeit,

130 2020 251 2081 mutos
270 2013 370 2103 toqui,
394 2022 489 2098 [unt.
517 2033 595 2087 141
625 2022 674 2098 νῦ]
695 2017 826 2087 claudos
849 2018 986 2103 sanauit,
1006 2018 1189 2107 paraliticos
1208 2038 1265 2086 eu-

130 2124 236 2212 ravit,
259 2127 403 2218 leprosos
422 2130 601 2217 mundavit,
618 2131 715 2199 trium
735 2140 934 2199 mortuorum
950 2131 1119 2200 suscitator
1137 2130 1265 2219 magni·

130 2239 219 2309 fieus
239 2242 312 2330 fuit,
334 2253 367 2313 et
384 2244 480 2314 rudes
499 2245 780 2319 fontesinundare
799 2246 887 2331 feeit,
902 2246 986 2315 sieut
1005 2246 1039 2313 in
1058 2245 1162 2333 primo
1182 2244 1264 2313 libro

133 2354 175 2423 de
207 2356 289 2424 Vita
312 2358 382 2446 ejus
405 2359 523 2448 seripto
546 2380 648 2448 nuper
674 2360 833 2429 edidimus
858 2369 954 2449 atque
981 2360 1171 2427 earaximus.
1200 2356 1265 2427 Sed
1291 2360 1334 2430 15

131 2488 205 2537 non
226 2472 458 2560 postmultum
478 2484 605 2563 tempus
625 2485 755 2543 sanctus
773 2473 1014 2563 Uuingualoeus
1029 2472 1089 2541 iter
1107 2472 1205 2542 edidit
1224 2471 1265 2541 ad

133 2583 273 2655 fratrem
292 2606 387 2655 suum
406 2586 615 2675 Ediunetum,
635 2588 690 2677 qui
709 2589 892 2657 morabatur
904 2588 937 2655 in
957 2587 1117 2677 quendam
1137 2597 1264 2656 monta-

134 2718 241 2767 neum
273 2700 328 2788 qui
360 2712 493 2770 vocatur
522 2701 598 2789 Nia,
627 2702 769 2771 serviens
800 2703 868 2770 Deo
899 2701 951 2769 die
978 2711 1141 2791 noetuque
1168 2722 1264 2791 snper

133 2810 244 2901 ripam
276 2814 418 2884 fluminis
451 2815 538 2904 qnod
569 2824 700 2885 vocatur
732 2816 848 2884 Hamn.
883 2817 925 2883 Et
957 2814 1011 2883 ille
1043 2825 1173 2884 sanctus
1205 2815 1263 2906 Dei

133 2926 335 2997 AEdinnetus
354 2930 493 2999 occurrit
511 2942 621 2999 saneto
648 2930 875 3019 Uningualoaeo
894 2929 1008 2998 uidens
1032 2950 1107 2999 eum
1129 2929 1262 2999 venien·
1287 2926 1332 2994 20

133 3051 202 3111 tem
223 3044 266 3113 ad
281 3047 328 3133 se,
345 3056 377 3115 et
397 3048 541 3137 seipsum
555 3057 665 3116 saneto
680 3047 735 3115 Dei
755 3046 1003 3133 commendauit,
1019 3047 1052 3116 id
1070 3056 1130 3134 est,
1147 3066 1262 3135 eorpus

134 3168 167 3227 et
187 3159 332 3229 animam
352 3172 384 3229 et
402 3162 548 3251 spiritum
567 3172 600 3231 et
623 3161 730 3229 omnia
749 3183 820 3250 quae
842 3161 990 3247 babebat,
1011 3170 1043 3229 et
1062 3171 1164 3230 terras
1183 3179 1262 3250 quas
1295 3234 1327 3259 „-

136 3272 321 3344 Gradlonus
335 3296 389 3344 rex
404 3276 465 3344 sibi
479 3276 578 3363 dedit,
595 3275 626 3345 id
642 3285 702 3361 est,
718 3276 835 3344 tribum
849 3276 968 3363 Dinan,
983 3276 1104 3345 tribum
1118 3275 1260 3360 Cunbin,

39 3398 41 3415 ²
136 3386 220 3459 Caer
250 3390 349 3475 Cboc,
381 3391 447 3459 Lan
476 3391 597 3478 laneat,
626 3390 792 3459 dimidiam
820 3401 943 3480 partem
968 3391 1164 3459 Gumeneeh.
1186 3390 1262 3457 Haee

136 3506 249 3574 omnia
276 3506 311 3573 in
339 3505 569 3575 dienmbitione
590 3513 686 3589 [nor.
708 3505 1259 3594 142]sanetoVVingnaloeotra·
1284 3503 1329 3572 25

135 3616 220 3690 didit
240 3639 346 3689 eoram
366 3621 476 3689 multis
498 3620 646 3690 testibus.
667 3620 709 3688 Et
726 3619 770 3688 ibi
794 3622 950 3689 remansit
977 3628 1107 3688 sanetus
1123 3618 1181 3688 Dei
1200 3619 1259 3685 tri-

134 3731 199 3804 bus
233 3735 345 3805 diebus
376 3756 451 3804 eum
482 3744 592 3803 saneto
623 3734 795 3803 Ediuneto.
830 3734 1060 3825 Loquebantur
1089 3733 1130 3802 de
1160 3754 1259 3823 regno

39 3944 40 3947 Ἴ
137 3850 269 3919 caelesti.
290 3852 332 3920 Et
350 3850 459 3941 postea
481 3871 630 3920 reversus
656 3864 705 3920 est
728 3860 861 3920 sanetus
888 3850 944 3918 Dei
969 3850 1010 3918 ad
1033 3850 1139 3918 loeum
1164 3869 1259 3917 suum

137 3985 210 4036 oum
230 3968 372 4059 quinque
391 3968 557 4039 monaebis
576 3968 839 4057 religiosissimis,
858 3967 990 4056 optimis
1009 3966 1098 4036 uiris.
