3459 5667
620 583 809 653 -151-

151 743 283 815 quoque
300 742 386 795 anno
404 744 507 815 usque
526 726 785 815 Lanteguennoe.
806 727 876 819 Ego
894 727 1075 799 Gradlerrm
1092 728 1154 799 boe
1171 727 1272 821 [ποι.

146 851 240 914 ιη’
261 839 313 933 v0]
332 842 455 913 affirmo
473 842 507 911 in
526 843 658 913 nomine
676 842 735 913 Dei
753 843 885 915 summi.

663 1128 763 1197 XVIII

541 1361 589 1431 Dr
612 1362 678 1433 Lm
701 1362 886 1432 Tiberirm.

194 1597 372 1690 Raetiam,
392 1602 453 1672 sub
475 1602 587 1673 eodem
610 1613 764 1693 tempore,
785 1594 917 1693 quidem
935 1602 985 1673 vir
1002 1589 1123 1672 indedis
1140 1602 1275 1672 nomine

146 1713 320 1786 Uurmeini
343 1716 474 1786 tradidit
501 1736 592 1787 suam
618 1720 778 1809 propriam
800 1718 1012 1788 hereditatem
1035 1726 1146 1787 saneto
1168 1707 1290 1787 Uuin·'

147 1831 295 1923 gueleaee
313 1852 370 1920 pro
389 1831 609 1921 redemptione
627 1833 742 1901 animae
765 1854 832 1903 suae
855 1833 989 1923 ejusque
1009 1841 1176 1921 parentum
1199 1838 1273 1921 post
1320 1817 1344 1887 5

148 1966 185 2015 se
204 1946 239 2014 in
260 1955 411 2015 {eternam
435 1945 657 2031 hereditatem,
677 1946 710 2014 id
731 1956 793 2033 est,
813 1948 892 2017 Tres
910 1946 1046 2035 Ardian,
1064 1948 1132 2018 Ros
1153 1946 1271 2033 Gurdo,

146 2060 288 2146 Bporht,
308 2061 374 2129 Per
390 2060 541 2146 Cerberi,
559 2061 637 2127 Tref
645 2060 807 2147 Toeohan,
823 2060 890 2129 Res
903 2061 1043 2147 Riuuen,
1059 2060 1137 2127 Tres
1150 2058 1270 2143 Rineu,

147 2176 217 2244 Lan
248 2174 327 2243 Tref
350 2174 443 2260 MaeI,
474 2172 553 2243 Caer
574 2174 686 2261 Poetb,
712 2173 792 2243 Ceer
820 2175 941 2260 Uuem,
966 2194 1040 2243 eum
1065 2174 1216 2244 omnibus
1240 2171 1270 2241 ei

40 2366 42 2373 ,
147 2274 340 2379 adpendiciis,
361 2289 455 2358 cultiS
474 2299 505 2357 et
524 2288 666 2377 indubie,
687 2288 720 2357 in
740 2289 981 2359 dieumbitierre.
1002 2289 1071 2379 Ego
1090 2288 1271 2359 Gradienus

146 2404 211 2475 boe
229 2406 353 2495 affirmo
370 2406 404 2475 in
424 2406 654 2475 dieumbitiene
674 2417 802 2475 aeterna.
826 2408 941 2476 Amen.
1298 2397 1341 2469 m

675 2692 746 2759 XIX

520 2928 569 2994 Dr
593 2946 686 2993 rrrrrv
712 2925 913 2993 itervm.-

190 3173 261 3261 Ego
289 3169 469 3239 Gmdlonus
497 3170 538 3238 de
566 3178 676 3236 sancte
704 3166 934 3256 Uuingueleaeo
959 3165 1120 3255 quandam
1148 3164 1268 3233 tribum

146 3286 317 3377 Uuinguiri
337 3286 370 3353 in
394 3285 485 3373 plebe
508 3283 644 3369 Nimiae,
669 3282 703 3349 in
727 3281 901 3349 Gurureeerr
928 3281 992 3347 Len
1017 3280 1109 3364 Sem,
1138 3278 1172 3345 in
1200 3278 1268 3347 Lan

147 3400 312 3470 Cburruett
338 3402 400 3468 Les
426 3400 591 3487 Radenue,
617 3400 650 3466 in
674 3398 753 3465 Rioc
781 3397 847 3465 Lan
876 3395 1000 3464 Preden
1023 3395 1050 3461 V
1072 3394 1177 3479 vides,
1204 3393 1269 3461 bec

94 3568 97 3571 -
147 3516 346 3607 Iunguorett,
365 3522 461 3599 [mor.
486 3522 580 3596 m]
597 3513 740 3599 Vvillas,
757 3512 791 3580 in
804 3511 938 3580 Neuued
952 3512 1164 3595 Lantuteean,
1184 3509 1267 3576 Lan·

147 3641 255 3701 serrett
288 3631 321 3699 in
353 3631 446 3719 plebe
479 3631 661 3719 Treguene,
694 3628 814 3697 Locum
847 3626 948 3695 saneti
978 3623 1199 3715 Uringualeaei
1233 3622 1267 3691 in
1295 3612 1338 3681 15

147 3744 274 3833 Budue,
293 3745 319 3811 V
338 3745 441 3814 villas.

680 3927 736 3995 XX

520 4165 568 4232 Dr
590 4183 683 4233 rrrrv
707 4162 772 4233 ert
796 4160 892 4230 Srrrr.

193 4407 285 4494 Item,
310 4416 388 4481 tune
412 4402 543 4497 quidem
566 4403 614 4473 vir
638 4401 770 4473 nomine
789 4400 982 4471 Uuarberrm
997 4398 1131 4477 eretrir
1147 4396 1265 4471 debilis
