3459 5667
907 592 952 608 ...
973 555 1019 624 bl
1042 593 1083 610 ..

430 719 505 770 cum
532 697 598 768 leni
628 716 796 769 murmure
823 696 1078 782 decurrentium,
1105 695 1334 766 suavissimum
1361 695 1460 766 sessis
1489 705 1561 785 post

430 814 572 884 laborem
591 810 796 881 suadentium
815 830 977 899 soporem,
999 809 1252 893 amoenissimus,
1276 829 1349 878 cum
1369 809 1561 878 humiditate

429 926 594 995 moderate
611 925 717 994 siccus
735 935 768 995 et
786 946 861 994 curn
876 925 1020 995 siccitate
1038 925 1194 998 humidus
1209 924 1448 996 demonstratur
1466 936 1562 1014 atque

429 1039 525 1128 bene,
546 1049 582 1108 ut
599 1039 647 1108 ita
663 1039 785 1109 dictum
802 1051 865 1127 est,
886 1040 1097 1128 compositus.
1178 1052 1180 1057 “

379 1152 402 1221 5
475 1155 513 1223 ln
540 1155 642 1223 altero
667 1153 828 1243 siquidem
856 1155 928 1226 loeo
960 1153 1067 1224 rivere
1095 1173 1235 1242 semper,
1261 1173 1327 1224 non
1356 1153 1440 1222 mori
1468 1173 1562 1242 posse

430 1269 599 1358 putabant.
632 1269 797 1340 Multotios
827 1269 916 1338 euim
948 1287 967 1338 a
1000 1268 1215 1339 sanctissimis
1244 1268 1323 1338 viris
1349 1269 1562 1339 referentibus

432 1381 532 1474 [nol.
557 1381 821 1472 104Jauditnm
841 1394 890 1454 est
909 1383 1040 1454 eosdem
1060 1383 1190 1454 audisse
1212 1381 1299 1470 apud
1320 1383 1562 1472 predecessores

432 1517 510 1566 suos
527 1497 646 1567 vidisse
663 1499 719 1586 qni
738 1497 905 1568 verissime
919 1497 1077 1566 vidissent
1095 1506 1127 1566 et
1146 1497 1305 1566 dixissent
1323 1507 1470 1586 apertum
1489 1516 1562 1566 esso

431 1623 559 1681 tantum
588 1613 656 1681 caeli
684 1613 824 1701 spatium
854 1633 952 1702 supra
980 1613 1073 1681 illum
1100 1613 1208 1682 locum
1238 1613 1273 1680 in
1300 1612 1377 1682 caelo
1404 1621 1562 1702 quantum

359 1717 403 1786 lt)
432 1733 525 1794 terroe
543 1734 727 1813 occuparat,
748 1736 780 1793 et
806 1725 951 1815 angelica
969 1725 1048 1812 illic,
1070 1735 1180 1795 sancto
1203 1724 1405 1794 Uuinualoeo
1425 1725 1561 1792 demon·

431 1849 568 1924 suante,
588 1839 713 1908 risione
732 1840 847 1908 fruitos
862 1840 963 1910 fuisse
977 1841 1221 1912 ascendentium
1236 1849 1269 1909 et
1283 1839 1560 1926 descendentium,

420 1950 699 2021 insimilitudine
721 1952 857 2020 visionis
880 1952 977 2021 Jacob
997 1952 1197 2041 patriarchae.
1218 1952 1260 2019 Et
1278 1951 1318 2019 ob
1342 1953 1404 2020 hoc
1426 1951 1500 2020 ideo
1519 1950 1564 2018 ibi

431 2067 588 2156 putabant
606 2087 672 2136 non
692 2087 787 2156 posse
804 2087 938 2156 corpore
961 2068 1107 2154 dissolvi,
1129 2067 1184 2136 ubi
1202 2068 1351 2137 stabilem
1376 2077 1409 2136 et
1432 2066 1562 2134 insolu-

431 2179 530 2248 bilem
549 2181 646 2251 crecti
670 2181 780 2249 animo
804 2180 961 2250 vidissent
986 2181 1096 2250 vitam.
1125 2179 1188 2250 Sed
1216 2188 1248 2248 et
1270 2179 1325 2248 bic
1352 2179 1444 2248 locus
1466 2178 1564 2268 hujus

360 2284 404 2352 15
431 2316 561 2387 quoque
579 2298 723 2366 muneris
741 2317 808 2364 non
832 2317 946 2385 expers
972 2297 1076 2365 lactus
1095 2305 1158 2364 est.
1178 2296 1271 2364 Multi
1296 2295 1383 2364 enim
1409 2295 1474 2381 hic,
1496 2293 1565 2362 sire

432 2408 466 2476 in
486 2418 629 2498 tempore
647 2409 745 2499 hujus
764 2408 833 2478 sire
851 2409 949 2480 etiam
968 2419 1041 2498 post
1064 2410 1249 2478 abscessum
1277 2410 1477 2482 sanctissimi
1503 2409 1563 2479 riri

432 2544 618 2613 ecorpore,
643 2525 771 2613 agmina
796 2525 947 2594 viderunt
970 2525 1115 2614 angelica
1138 2524 1206 2596 sive
1229 2526 1402 2596 audierunt
1425 2523 1563 2594 dulciter

432 2637 647 2707 decantantis.
664 2639 707 2706 Et
719 2658 808 2706 nunc
821 2637 918 2706 etiam
934 2658 1037 2727 usque
1051 2657 1117 2706 non
1132 2637 1251 2706 desunt
1264 2638 1320 2727 qui
1335 2639 1437 2708 multa
1451 2636 1485 2704 in
1501 2636 1563 2704 boe

433 2750 504 2820 loco
517 2751 668 2820 viderunt
679 2762 712 2820 et
724 2752 898 2820 audierunt
912 2751 1056 2842 prodigia
1070 2761 1103 2820 ct
1115 2751 1286 2838 mirabilia,
1301 2758 1398 2833 [For.
1416 2767 1497 2822 104
1514 2753 1562 2832 m]

359 2858 405 2927 20
432 2886 490 2965 per
508 2867 668 2955 angelicas
681 2878 715 2935 et
729 2877 914 2936 sanctorum
929 2867 1026 2934 simul
1041 2867 1246 2956 operationes
1260 2868 1355 2954 lacta,
1371 2875 1405 2936 ct
1417 2864 1562 2954 quaedam

432 2981 537 3051 visum
558 2990 592 3050 et
609 2981 756 3050 auditum
774 2981 1003 3070 demulcentis,
1026 2993 1058 3052 et
1077 2983 1223 3072 quaedam
1248 2983 1380 3073 quidem
1399 2982 1485 3054 ultra
1502 2980 1562 3048 bu·

432 3113 565 3164 manum
584 3113 702 3164 ausum
720 3094 892 3164 horrenda.

476 3210 549 3279 Non
569 3209 672 3278 multo
697 3228 773 3298 ergo
796 3219 940 3296 tempore
964 3210 1192 3298 preterfluente
1215 3220 1249 3279 et
1271 3209 1342 3278 loco
1366 3208 1492 3278 noviter
1511 3206 1562 3275 in·

433 3332 567 3410 structo,
600 3323 678 3393 dum
714 3323 854 3413 quadam
884 3335 979 3392 nocte
1010 3336 1083 3414 post
1119 3323 1366 3412 completorium
1402 3323 1492 3392 solus
1529 3322 1562 3389 in

360 3435 406 3504 25
433 3435 572 3505 oratorio
603 3436 823 3525 pernoctabat,
857 3436 1036 3526 persistens
1067 3437 1285 3506 intentissime
1317 3437 1454 3506 orationi
1487 3443 1562 3504 ante

433 3550 544 3638 altare,
563 3549 745 3620 adstantem
765 3550 828 3618 sibi
842 3551 923 3618 vidit
937 3552 1089 3640 angelum
1103 3551 1233 3620 Domini
1248 3550 1561 3640 splendidissimum,

432 3664 527 3753 cujus
544 3665 651 3754 fulgor
668 3665 796 3734 lucebat
815 3673 852 3733 ut
872 3666 935 3754 sol,
956 3687 995 3734 ex
1010 3666 1102 3754 cujus
1120 3665 1292 3755 splendore
1310 3677 1343 3734 et
1360 3665 1458 3733 odoro
1476 3673 1563 3732 totus

432 3778 592 3846 sufficeret
610 3778 753 3847 mundus
773 3779 865 3869 quasi
885 3799 942 3868 pro
962 3778 1030 3848 sole
1049 3778 1222 3846 illuminari
1241 3789 1274 3847 et
1292 3778 1385 3868 qnasi
1404 3798 1462 3867 pro
1480 3777 1575 3858 miro,

433 3902 600 3982 unguento
617 3902 714 3981 atque
737 3893 1013 3962 excellentissimo
1036 3892 1176 3979 odorari,
1204 3903 1313 3981 aperte
1338 3894 1564 3962 demonstrans

361 4001 406 4071 30
433 4025 531 4096 quam
558 4007 732 4095 spetiosum
760 4017 794 4075 ct
816 4007 993 4095 preciosam
1022 4026 1092 4075 esse
1120 4007 1208 4074 illam
1237 4007 1402 4095 regionem
1431 4006 1471 4074 de
1501 4020 1564 4093 qua

433 4121 655 4211 egrediebatur
674 4133 707 4190 et
724 4122 764 4190 ad
783 4141 880 4211 quam
900 4143 982 4211 quos
1001 4120 1153 4190 invitaret
1171 4121 1329 4190 ducturus
1348 4129 1446 4208 esset,
1467 4129 1563 4208 atque

433 4236 480 4304 sie
497 4235 665 4304 laetissimo
686 4245 719 4305 et
740 4235 911 4304 lenissimo
929 4236 1021 4304 vultu
1046 4235 1146 4327 [rot.
1170 4235 1268 4324 noa]
1295 4253 1451 4324 apparens
1479 4232 1563 4302 elata

433 4370 512 4422 roeo
530 4349 612 4420 dixit
632 4378 640 4419 r
664 4377 680 4414 r
702 4349 802 4420 Saute
819 4348 879 4421 Dei
898 4347 1099 4421 Uuinualoee
1118 4348 1245 4420 Christo
1269 4345 1493 4433 dilectissime,
1513 4342 1561 4412 ri·
