3459 5667
910 597 951 618 .-
976 559 1041 628 102
1066 598 1105 612 ...

342 725 345 728 ⁴
442 708 504 782 est,
536 698 652 787 quinto
683 711 786 765 nonas
816 696 960 783 martias,
991 708 1104 786 quarta
1137 697 1215 766 feria
1244 703 1327 780 [nol
1353 705 1504 780 1¹8v0]
1541 697 1583 764 in

443 812 547 903 prima
565 810 824 899 Quadragesimae
842 811 1033 898 ebdomada,
1055 813 1229 902 integeret
1252 831 1383 900 corpore
1407 819 1439 880 et
1464 820 1583 879 mente

443 928 535 1012 obiit,
555 927 676 1015 absque
695 927 760 994 ulto
780 926 997 995 membrorum
1013 926 1185 995 solutionis
1199 924 1310 994 dolore
1331 953 1338 992 :
1360 925 1478 1014 quippe
1496 924 1584 1014 quia

443 1043 566 1133 ipsese
589 1042 677 1129 prius
691 1040 851 1130 judicarat
870 1041 958 1110 solus
975 1041 1164 1130 gravissima
1187 1040 1436 1125 examinatione,
1456 1050 1493 1108 ut
1511 1040 1583 1108 ite-

378 1157 419 1226 15
444 1181 516 1230 rum
535 1181 609 1228 eum
635 1160 697 1226 hoo
721 1159 843 1226 mundo
866 1179 933 1228 non
957 1159 1166 1248 judicaretur,
1190 1159 1274 1226 siout
1302 1158 1346 1225 ait
1372 1157 1540 1245 apostolus
1571 1182 1580 1222 :

448 1301 462 1338 a
476 1272 569 1356 Quod
585 1273 612 1340 si
626 1272 845 1361 nosmetipsos
855 1272 1087 1361 judicaremus,
1103 1292 1170 1339 uon
1184 1271 1296 1360 utique
1306 1270 1537 1360 judicaremur.
1562 1297 1580 1330 >2

444 1387 507 1471 Qui
525 1396 646 1473 autem,
662 1385 849 1454 rectissimae
868 1404 1014 1454 normam
1030 1385 1166 1476 justitiae
1184 1404 1309 1473 semper
1327 1384 1504 1473 sequendo,
1520 1403 1584 1452 se-

444 1502 619 1590 metipsum
636 1499 791 1568 acerrime
805 1500 1011 1588 iudicaverit,
1028 1501 1175 1589 jamnon
1191 1500 1350 1590 judicium
1369 1499 1495 1584 metuit,
1515 1497 1584 1566 sed

445 1613 604 1702 premium
629 1613 900 1681 remunerationis
931 1613 1168 1701 amplissimum
1197 1622 1292 1702 atque
1320 1611 1582 1702 pulcherrimum

376 1725 420 1800 to
446 1738 478 1802 et
496 1725 720 1800 dulcissimum
739 1727 831 1796 laetus
849 1736 947 1815 atque
965 1727 1071 1796 libens
1089 1736 1245 1817 expectat.

490 1843 597 1930 Atque
617 1841 793 1910 honorifice
811 1842 1055 1912 sanctissimum
1078 1863 1195 1931 eorpus
1218 1843 1332 1912 iratres
1354 1861 1428 1910 oum
1445 1859 1584 1910 summa

446 1958 626 2026 reverentia
643 1959 851 2047 sepelierunt,
869 1968 901 2027 et
919 1960 1025 2049 ymnis
1044 1972 1076 2029 et
1094 1961 1227 2050 psalmis
1241 1971 1273 2028 et
1291 1959 1424 2028 eantiois
1442 1959 1582 2048 spirita-

447 2071 533 2143 libus
554 2100 562 2140 :
584 2071 701 2159 pignus
720 2071 1038 2160 sibi'optatissimum
1059 2092 1077 2140 a
1096 2075 1162 2141 Deo
1181 2093 1385 2161 eoncessum,
1401 2093 1456 2160 per
1473 2093 1582 2162 quem

448 2185 547 2275 petita
565 2184 674 2254 omnia
693 2184 757 2253 iilis
775 2187 955 2255 necessaria
974 2197 1203 2274 prestarentur,
1225 2198 1257 2256 et
1276 2188 1421 2274 plurimae
1438 2186 1584 2255 virtutes

378 2300 423 2372 15
450 2310 547 2386 [Fet.
562 2309 656 2384 ΗΔ]
667 2312 850 2390 agerentur,
862 2313 1025 2392 prestante
1040 2304 1177 2372 Domino
1192 2313 1303 2374 nostro
1315 2305 1332 2372 J
1336 2306 1415 2372 hesu
1430 2303 1584 2390 Christe,

449 2417 505 2507 qui
524 2438 597 2485 oum
615 2419 709 2485 Patre
732 2427 764 2486 et
787 2417 910 2506 Spiritu
938 2418 1057 2488 Sancto
1084 2419 1163 2488 vivit
1188 2428 1220 2488 et
1249 2428 1361 2509 regnat
1386 2440 1443 2508 per
1465 2419 1585 2487 omnia

451 2520 560 2601 secula
577 2531 771 2603 seculorum.
793 2533 913 2602 Amen.
