3459 5667
578 618 774 687 -ttt-

120 777 253 849 quorum
284 758 417 828 nomina
446 758 514 827 baec
544 766 621 827 suut
646 784 654 827 :
681 758 887 846 GuilieimuS,
919 759 975 849 qui
1004 758 1118 829 eodem
1147 776 1236 829 anuo

119 885 300 964 susceperat
321 874 480 944 abbatiam
508 873 649 964 ejusdem
678 874 751 962 loci,
781 876 890 961 testis;
920 876 1095 945 Moruauus
1122 893 1236 946 mona·

120 991 210 1071 ebus,
238 989 347 1074 testis,
372 988 503 1057 Guecuu
532 988 722 1076 monachus,
746 990 856 1079 testis3
882 990 1019 1059 0rscant
1044 989 1233 1078 monachus,

120 1106 226 1190 testis3
254 1103 440 1176 Redoredus
467 1106 657 1185 monachus,
687 1104 790 1190 tostis,
821 1115 853 1173 et
880 1105 987 1175 omnis
1013 1105 1233 1195 congregatim

120 1219 310 1289 Benedictus
332 1218 500 1308 episcopus
524 1218 752 1304 Nauuetensis,
777 1218 885 1305 testis,
910 1219 1100 1288 Riualtouus
1121 1235 1234 1287 mona·
1286 1223 1309 1291 b

120 1332 198 1402 obus
216 1333 333 1403 Sancte
351 1331 475 1421 Crucis,
491 1319 598 1419 testis3
619 1333 787 1419 Loueuan,
802 1334 888 1405 ilius
906 1334 1130 1425 punguntur,
1149 1336 1236 1405 Gue-

120 1468 197 1537 gun,
225 1447 334 1519 abbatt
360 1448 460 1538 Tudi,
494 1448 700 1538 Guibomarc,
734 1450 819 1520 tilius
850 1451 998 1538 Ebosea,
1031 1451 1236 1537 Germaelou,

120 1562 204 1635 filius
222 1564 393 1635 Heerueu..

661 1780 700 1848 Ll

165 2036 263 2115 [not.
286 2044 368 2101 m
389 2035 438 2112 νο]
471 2029 591 2099 Notum
621 2028 664 2099 sit
695 2029 804 2099 lectori
837 2030 924 2120 quod
954 2030 1111 2118 Iustinus,
1141 2032 1240 2103 abbas

122 2144 229 2215 Sancti
250 2144 475 2235 Guinguatoei,
495 2164 558 2215 une
577 2165 649 2213 cum
673 2164 732 2214 sua
754 2145 1002 2234 congregatione
1022 2148 1182 2217 concessit
1205 2157 1241 2218 ut
1269 2154 1312 2228 10

122 2259 263 2349 Christo,
296 2259 328 2326 in
355 2259 498 2347 hospicio
530 2259 570 2329 ad
600 2279 682 2348 opus
712 2260 953 2348 peregrinorum
985 2281 1238 2351 egenorumque,

122 2372 250 2443 daretur
267 2372 366 2443 tercia
385 2386 457 2462 pars
479 2374 611 2443 decime
633 2375 734 2443 tribus
756 2376 873 2443 Petran
897 2375 1036 2465 villaque
1056 2376 1240 2447 Haideberti

122 2512 192 2577 curn
212 2492 301 2561 omni
322 2511 381 2561 suo
399 2491 519 2577 debito,
532 2492 677 2580 'acceptis
699 2491 739 2559 de
764 2492 924 2579 Brieneio,
948 2492 1080 2582 predicti
1105 2494 1240 2583 hospicii

123 2610 288 2695 servitore,
315 2608 347 2677 in
371 2609 464 2697 siguo
488 2608 633 2677 karitatis
655 2618 777 2696 septen
801 2608 925 2695 solidis,
955 2608 1092 2679 utillud
1118 2608 1240 2679 donum

123 2724 354 2815 sempiternum
373 2732 546 2791 teneretur.
567 2721 628 2805 Qui
651 2734 757 2791 auten
782 2723 843 2789 boc
866 2721 1009 2793 destruet
1030 2722 1110 2791 sciat
1128 2743 1165 2793 se
1181 2741 1240 2793 au·
1270 2717 1313 2789 ib

123 2839 265 2907 diturum
289 2857 359 2907 esse
377 2836 551 2906 Dominum
570 2836 730 2905 dicentem
751 2862 759 2905 ε
786 2864 800 2897 u
821 2838 947 2925 Hospes
965 2836 1010 2905 sui
1034 2847 1067 2907 et
1088 2857 1153 2905 noo
1171 2838 1241 2907 cot·

38 2970 39 2975 ’
123 2956 246 3046 legistis
274 2975 336 3023 me.
363 2982 376 3015 o
405 2956 472 3023 Hoc
500 2953 560 3022 suit
588 2953 706 3022 tactum
733 2953 767 3021 in
798 2953 951 3041 capituto,
979 2954 1184 3023 audientibus
1209 2965 1242 3022 et

123 3066 340 3149 annuentibus
363 3066 487 3135 cunctis
510 3065 661 3135 fratribus
681 3092 689 3135 :
711 3066 918 3152 Sausoiarno,
940 3065 1113 3152 Gurtoeuo,
1133 3066 1240 3135 Hedro

38 3172 39 3175 ¹
122 3195 153 3255 et
169 3183 316 3254 Rodatdo
335 3184 375 3252 de
394 3183 511 3252 Sancto
526 3182 680 3269 Melania,
697 3192 729 3251 et
742 3182 908 3251 monacbis
922 3183 1024 3251 sancti
1041 3182 1237 3251 salvatoris:

123 3300 288 3389 Guegono‚
324 3299 444 3367 Heloco
475 3308 571 3389 atquc
602 3298 799 3382 Heboiaruo,
833 3296 888 3387 qui
921 3317 994 3366 curn
1026 3297 1097 3387 ipso
1129 3296 1241 3365 abbate
1268 3288 1313 3359 20

123 3426 230 3503 erant,
244 3412 410 3483 Redoredo
423 3422 529 3483 autem
545 3412 705 3499 Gudiano,
719 3412 880 3496 Jobaune,
897 3410 1049 3498 Uruodio,
1063 3409 1240 3494 Orscaudo,

125 3536 221 3615 [not.
247 3538 340 3615 acu]
361 3530 471 3617 Jonas,
489 3529 600 3618 Jacob,
627 3529 778 3619 Adorico,
803 3528 980 3617 Stephano,
1004 3526 1130 3616 Daniel,
1156 3525 1240 3597 Lan·

124 3644 238 3715 celino.

654 3856 710 3926 LII

168 4107 214 4176 Dc
233 4114 316 4174 terra
336 4105 466 4176 Guecuu
490 4104 546 4189 utri
570 4104 678 4177 blliou
702 4114 735 4175 et
757 4104 798 4175 de
822 4115 908 4175 terra
927 4105 1041 4175 Tetent
1059 4106 1186 4176 Bastart
1207 4105 1243 4173 fit

126 4224 270 4315 quesitus
297 4224 400 4294 tribus
428 4223 612 4311 decausis,
644 4223 781 4314 siugulis
808 4224 903 4293 anuis
934 4250 942 4292 z
972 4222 1135 4307 videlicet,
1167 4242 1241 4293 oum
1269 4228 1313 4297 25

127 4359 244 4409 census
261 4340 387 4409 consuti
404 4339 510 4426 datur,
530 4350 587 4409 aut
611 4360 684 4407 eum
707 4358 788 4407 onos
808 4339 856 4407 vel
878 4350 1026 4409 maurus
1047 4338 1165 4409 emitur
1186 4348 1243 4407 aut

129 4472 167 4521 ex
184 4453 367 4523 vadimonio
384 4454 532 4541 soluitur,
551 4454 602 4525 uel
623 4454 704 4523 cibis
725 4454 984 4543 supplementum
1000 4473 1075 4523 cunr
1093 4452 1243 4523 victuaria
