3459 5667
838 617 840 623 '
951 651 992 664 —
1014 611 1060 682 62
1082 649 1126 664 -

470 751 602 822 ¹labatur
618 752 786 841 petituros.
800 750 834 821 Si
854 770 936 841 quas
956 761 1064 820 autern
1085 750 1205 818 ibidem
1223 747 1382 838 peregerit
1400 748 1547 835 virtutes,
1570 747 1606 814 in

470 875 601 955 patrum
619 865 725 955 digne
744 867 908 934 meruerim
922 864 1155 966 'venerabilium
1174 863 1384 930 monimentis
1402 881 1469 930 non
1484 875 1606 950 reppe-

471 978 587 1051 rimus.
608 980 702 1064 Quod
725 992 834 1050 autem
862 982 953 1050 firme
976 989 1008 1050 et
1031 977 1373 1068 inreprehensibiliter,
1394 978 1463 1046 sive
1485 979 1605 1064 relatu,

469 1096 543 1165 sive
565 1094 802 1187 exemplaribus
825 1115 884 1185 pre
909 1105 998 1166 nerto
1025 1094 1246 1180 exenelamus,
1266 1092 1347 1161 illud
1370 1089 1606 1182 proculdubie

424 1203 447 1271 5
469 1210 624 1280 intimare
640 1210 837 1280 curabimus.

909 1536 1084 1611 CAPUT
1119 1535 1173 1610 IV

428 1768 431 1772 ⁴
473 1776 555 1842 item
572 1775 615 1841 uri
632 1775 826 1858 querendum
844 1776 945 1840 alium
956 1777 1061 1858 *leram
1078 1777 1115 1840 cle
1128 1778 1227 1842 muris
1242 1775 1333 1840 (liviri
1351 1775 1500 1860 transtu,
1516 1781 1550 1838 et
1569 1774 1606 1838 de

643 1891 753 1974 sunm,
776 1892 1026 1976 lustramenta,
1046 1893 1082 1956 ia
1100 1891 1199 1955 medin
1218 1889 1284 1972 ajars
1303 1897 1433 1971 repertu.

518 2123 664 2206 Quadam
691 2123 790 2212 igitur
814 2123 880 2210 die,
901 2123 979 2192 dum
1005 2145 1044 2192 er
1071 2143 1160 2192 more
1183 2123 1279 2193 solitu
1302 2141 1399 2211 super
1425 2121 1605 2210 predictum

477 2237 578 2328 [net.
599 2243 665 2319 aa]
690 2238 818 2323 uellem,
843 2237 943 2307 tercia
969 2240 1047 2306 bera
1072 2239 1209 2326 expleta,
1236 2237 1269 2305 in
1296 2257 1397 2305 unum
1420 2235 1606 2326 congregati

399 2333 402 2338 ¹
477 2352 718 2439 convenissent,
740 2361 773 2419 et
799 2353 906 2420 lucum
931 2353 1015 2421 ultra
1038 2367 1138 2440 mare,
1160 2351 1214 2420 ubi
1238 2371 1327 2419 nunu
1344 2369 1471 2420 sacrum
1490 2369 1606 2440 corpus

477 2466 548 2555 ejus
566 2487 641 2535 eum
658 2466 951 2535 innumerabilibus
970 2476 1154 2535 sanctorum
1170 2465 1331 2536 socierum
1346 2466 1518 2555 requiescit
1534 2487 1605 2536 con

407 2580 451 2650 to
475 2580 621 2669 poribus,
646 2580 828 2669 aspicerent
855 2591 1017 2650 semotum
1039 2592 1071 2649 et
1093 2581 1245 2670 pergendi
1268 2581 1308 2649 ad
1332 2581 1424 2649 illum
1451 2581 1605 2651 baberent

476 2705 602 2781 rutum,
631 2697 714 2764 faeta
744 2694 835 2785 prius
864 2696 1021 2783 oratione,
1051 2696 1133 2764 dix-it
1160 2695 1313 2765 iratribus
1347 2721 1355 2765 ε
1393 2725 1408 2758 u
1442 2697 1606 2765 Tantusne

476 2809 561 2878 inest
584 2809 676 2878 rubis
698 2809 803 2878 adnue
826 2819 897 2877 tam
914 2810 1041 2879 vatidus
1063 2829 1156 2879 amor
1179 2819 1215 2878 ut
1239 2812 1278 2879 ad
1302 2811 1409 2880 loeum
1429 2809 1605 2901 properetis

477 2924 569 2994 illum
588 2927 684 3014 quem
702 2923 759 2992 (liu
776 2923 1004 2993 desiderastis?
1022 2953 1035 2986 u
1053 2924 1103 2993 llli
1118 2935 1238 3011 autem,
1254 2945 1309 3013 pre
1328 2925 1519 2994 confusione
1538 2935 1605 2994 sttr-

478 3037 607 3125 pelacti,
623 3038 859 3127 responderunt
882 3067 889 3105 ι
914 3066 929 3099 u
952 3038 1102 3126 Domine,
1123 3038 1246 3107 seimus
1264 3039 1340 3128 quin
1360 3039 1458 3107 horno
1476 3038 1534 3106 Dei
1552 3057 1603 3125 es3

377 3171 380 3176 ·
409 3146 452 3216 tt
480 3151 565 3220 sieut
582 3161 650 3240 tua,
667 3153 712 3220 ita
730 3163 844 3222 nostra
862 3153 924 3222 erit
942 3154 1108 3240 voluntas3
1129 3171 1190 3222 nus
1204 3153 1291 3223 enim
1309 3171 1512 3244 nequaquam
1531 3173 1606 3222 nos·
1681 3209 1686 3220 .

478 3277 575 3355 tram,
600 3266 658 3335 sed
681 3278 774 3336 tuam
801 3268 911 3356 petius
941 3279 1115 3359 sequemur
1141 3269 1353 3338 voluntatem.
1377 3297 1390 3332 i
1414 3268 1472 3338 Ille
1498 3277 1606 3336 autem

468 3377 651 3452 mitissime
668 3384 737 3451 ait:
758 3383 894 3452 «Immo
913 3383 985 3467 Dei,
1004 3405 1071 3454 nou
1090 3405 1176 3472 mea,
1192 3385 1357 3475 sequenda
1375 3393 1435 3454 est.
1460 3405 1474 3446 n
1496 3382 1547 3451 llli
1567 3380 1606 3449 atl

479 3495 578 3564 baee:
604 3523 618 3558 u
639 3497 709 3565 Tun
733 3516 752 3565 a
774 3496 832 3564 bei
860 3515 928 3566 nen
951 3499 1047 3588 lunge
1070 3498 1228 3588 discrepat
1252 3499 1413 3585 voluutas
1434 3497 1510 3587 quia
1537 3514 1607 3585 quae

480 3608 596 3696 placita
618 3620 696 3678 suut
723 3610 752 3679 ei
780 3631 907 3700 semper
932 3612 1012 3702 agis.
1043 3639 1057 3674 1>
1084 3614 1126 3681 At
1149 3613 1233 3681 ille:
1259 3638 1273 3674 u
1300 3613 1523 3682 Mementauea
1545 3620 1606 3696 est,

408 3714 454 3784 20
480 3722 598 3812 iuquit,
626 3729 723 3807 [nul.
747 3740 798 3796 sn
821 3731 872 3808 m]
902 3736 936 3795 et
959 3725 1067 3796 brevis
1092 3726 1159 3795 rita
1182 3727 1325 3817 heminis
1344 3729 1577 3816 superterram
1597 3722 1605 3792 ε’

480 3856 577 3929 quam
604 3839 659 3928 qui
684 3841 824 3929 perfecte
849 3841 981 3910 calcarit
1002 3842 1067 3910 vita
1094 3842 1219 3910 fruetur
1245 3863 1311 3911 nun
1342 3838 1488 3910 decidua.
1520 3868 1533 3902 n
1559 3837 1608 3907 llli

477 3973 557 4021 rere
579 3952 621 4022 ad
645 3954 743 4023 beret
768 3983 783 4016 u
804 3956 956 4042 Domine,
976 3956 1162 4026 demonstra
1190 3957 1286 4026 nobis
1314 3956 1400 4026 riam
1430 3975 1486 4046 per
1506 3969 1607 4046 quam
1678 3981 1684 3996 ·

480 4064 546 4136 itur
563 4067 603 4136 ad
623 4066 764 4137 illam.»
912 4147 914 4152 ,
1496 4145 1498 4150 Ι

523 4183 568 4250 At
588 4181 676 4251 ille:
707 4210 723 4244 α
749 4183 986 4273 Demonstravi,
1011 4183 1129 4275 inquit,
1160 4194 1192 4254 et
1217 4185 1337 4255 iterum
1360 4180 1605 4271 demonstrabe3

409 4294 539 4376 neuen
558 4303 599 4364 et
628 4305 717 4366 nuuc
747 4297 774 4366 si
807 4297 907 4368 uultis
937 4302 1063 4367 tantum
1093 4298 1301 4390 proscindere
1334 4298 1545 4391 protundum,
1577 4306 1608 4366 et

467 4410 589 4483 lucum
617 4410 712 4482 illum
740 4410 829 4486 adire
855 4413 1109 4504 contemplatum
1137 4449 1182 4470 -
1207 4414 1302 4506 euius
1327 4433 1386 4508 vus
1408 4413 1506 4486 etiem
1529 4412 1607 4484 silua
