<?xml version="1.0" encoding="UTF-8"?>
<!DOCTYPE html PUBLIC "-//W3C//DTD XHTML 1.0 Transitional//EN"
    "http://www.w3.org/TR/xhtml1/DTD/xhtml1-transitional.dtd">
<html xmlns="http://www.w3.org/1999/xhtml" xml:lang="en" lang="en">
 <head>
  <title>
</title>
<meta http-equiv="Content-Type" content="text/html;charset=utf-8" />
  <meta name='ocr-system' content='tesseract 3.04.00' />
  <meta name='ocr-capabilities' content='ocr_page ocr_carea ocr_par ocr_line ocrx_word'/>
</head>
<body>
  <div class='ocr_page' id='page_1' title='image "./cartulairedelab00quimgoog_0093.png"; bbox 0 0 3459 5667; ppageno 0'>
   <div class='ocr_carea' id='block_1_1' title="bbox 817 1989 863 2058">
    <p class='ocr_par' dir='ltr' id='par_1_1' title="bbox 817 1989 863 2058">
     <span class='ocr_line' id='line_1_1' title="bbox 817 1989 863 2058; baseline 0 0"><span class='ocrx_word' id='word_1_1' title='bbox 817 1989 863 2058; x_wconf 80' lang='lat'>5</span> 
     </span>
    </p>
   </div>
   <div class='ocr_carea' id='block_1_2' title="bbox 780 2556 867 2625">
    <p class='ocr_par' dir='ltr' id='par_1_2' title="bbox 780 2556 867 2625">
     <span class='ocr_line' id='line_1_2' title="bbox 780 2556 867 2625; baseline -0.011 0"><span class='ocrx_word' id='word_1_2' title='bbox 780 2556 867 2625; x_wconf 81' lang='lat'><strong>10</strong></span> 
     </span>
    </p>
   </div>
   <div class='ocr_carea' id='block_1_3' title="bbox 782 3121 868 3190">
    <p class='ocr_par' dir='ltr' id='par_1_3' title="bbox 782 3121 868 3190">
     <span class='ocr_line' id='line_1_3' title="bbox 782 3121 868 3190; baseline -0.023 0"><span class='ocrx_word' id='word_1_3' title='bbox 782 3121 868 3190; x_wconf 77' lang='lat'><strong>15</strong></span> 
     </span>
    </p>
   </div>
   <div class='ocr_carea' id='block_1_4' title="bbox 780 3693 871 3762">
    <p class='ocr_par' dir='ltr' id='par_1_4' title="bbox 780 3693 871 3762">
     <span class='ocr_line' id='line_1_4' title="bbox 780 3693 871 3762; baseline -0.011 0"><span class='ocrx_word' id='word_1_4' title='bbox 780 3693 871 3762; x_wconf 76' lang='lat'><strong>20</strong></span> 
     </span>
    </p>
   </div>
   <div class='ocr_carea' id='block_1_5' title="bbox 1758 946 2321 1020">
    <p class='ocr_par' dir='ltr' id='par_1_5' title="bbox 1758 946 2321 1020">
     <span class='ocr_line' id='line_1_5' title="bbox 1758 946 2321 1020; baseline 0.002 -1"><span class='ocrx_word' id='word_1_5' title='bbox 1758 946 2105 1020; x_wconf 85' lang='lat' dir='ltr'>CAPUT</span> <span class='ocrx_word' id='word_1_6' title='bbox 2177 947 2321 1020; x_wconf 88' lang='lat' dir='ltr'><strong>XV</strong></span> 
     </span>
    </p>
   </div>
   <div class='ocr_carea' id='block_1_6' title="bbox 913 1184 3178 1385">
    <p class='ocr_par' dir='ltr' id='par_1_6' title="bbox 913 1184 3178 1385">
     <span class='ocr_line' id='line_1_6' title="bbox 913 1184 3178 1274; baseline 0.002 -24"><span class='ocrx_word' id='word_1_7' title='bbox 913 1186 1007 1251; x_wconf 85' lang='lat' dir='ltr'><strong>De</strong></span> <span class='ocrx_word' id='word_1_8' title='bbox 1060 1186 1285 1254; x_wconf 82' lang='lat' dir='ltr'><strong>humili</strong></span> <span class='ocrx_word' id='word_1_9' title='bbox 1344 1184 1679 1272; x_wconf 74' lang='grc' dir='ltr'><strong>(ἶναάῑοηί,</strong></span> <span class='ocrx_word' id='word_1_10' title='bbox 1741 1186 2266 1254; x_wconf 81' lang='lat' dir='ltr'><strong>Cornubiensium</strong></span> <span class='ocrx_word' id='word_1_11' title='bbox 2317 1190 2505 1274; x_wconf 46' lang='lat' dir='ltr'><strong>reale}</strong></span> <span class='ocrx_word' id='word_1_12' title='bbox 2565 1190 2733 1270; x_wconf 66' lang='lat' dir='ltr'><strong>apud</strong></span> <span class='ocrx_word' id='word_1_13' title='bbox 2789 1190 3046 1254; x_wconf 70' lang='lat' dir='ltr'><strong>eundem</strong></span> <span class='ocrx_word' id='word_1_14' title='bbox 3114 1198 3178 1254; x_wconf 68' lang='lat' dir='ltr'><strong>et</strong></span> 
     </span>
     <span class='ocr_line' id='line_1_7' title="bbox 1664 1303 2414 1385; baseline 0.004 -18"><span class='ocrx_word' id='word_1_15' title='bbox 1664 1303 1976 1385; x_wconf 81' lang='lat' dir='ltr'><strong><em>familiari</em></strong></span> <span class='ocrx_word' id='word_1_16' title='bbox 2021 1305 2414 1370; x_wconf 79' lang='lat' dir='ltr'><em>allocutione.</em></span> 
     </span>
    </p>
   </div>
   <div class='ocr_carea' id='block_1_7' title="bbox 942 1536 3174 3782">
    <p class='ocr_par' dir='ltr' id='par_1_7' title="bbox 999 1536 3174 3219">
     <span class='ocr_line' id='line_1_8' title="bbox 1091 1536 2721 1626; baseline 0.001 -21"><span class='ocrx_word' id='word_1_17' title='bbox 1091 1538 1343 1606; x_wconf 81' lang='lat' dir='ltr'><strong>Interea</strong></span> <span class='ocrx_word' id='word_1_18' title='bbox 1380 1537 1461 1606; x_wconf 87' lang='lat' dir='ltr'><strong>ad</strong></span> <span class='ocrx_word' id='word_1_19' title='bbox 1498 1557 1712 1626; x_wconf 90' lang='lat' dir='ltr'><strong>regem</strong></span> <span class='ocrx_word' id='word_1_20' title='bbox 1751 1537 2058 1606; x_wconf 87' lang='lat' dir='ltr'><strong>volitabat</strong></span> <span class='ocrx_word' id='word_1_21' title='bbox 2094 1537 2262 1605; x_wconf 82' lang='lat' dir='ltr'><strong>fama</strong></span> <span class='ocrx_word' id='word_1_22' title='bbox 2302 1536 2721 1622; x_wconf 45' lang='lat' dir='ltr'><strong>Grafflonum2</strong></span> 
     </span>
     <span class='ocr_line' id='line_1_9' title="bbox 1006 1641 2565 1739; baseline -0.001 -20"><span class='ocrx_word' id='word_1_23' title='bbox 1006 1650 1173 1719; x_wconf 82' lang='lat' dir='ltr'><strong>Celsi</strong></span> <span class='ocrx_word' id='word_1_24' title='bbox 1213 1641 1323 1739; x_wconf 88' lang='lat' dir='ltr'><strong>qui</strong></span> <span class='ocrx_word' id='word_1_25' title='bbox 1364 1670 1620 1720; x_wconf 91' lang='lat' dir='ltr'><strong>summa</strong></span> <span class='ocrx_word' id='word_1_26' title='bbox 1658 1651 1976 1721; x_wconf 88' lang='lat' dir='ltr'><strong>tenuisset</strong></span> <span class='ocrx_word' id='word_1_27' title='bbox 2013 1652 2296 1720; x_wconf 89' lang='lat' dir='ltr'><strong>eulmina</strong></span> <span class='ocrx_word' id='word_1_28' title='bbox 2335 1650 2565 1738; x_wconf 79' lang='lat' dir='ltr'>sceptri</span> 
     </span>
     <span class='ocr_line' id='line_1_10' title="bbox 1005 1764 2521 1854; baseline 0.001 -22"><span class='ocrx_word' id='word_1_29' title='bbox 1005 1765 1286 1833; x_wconf 83' lang='lat' dir='ltr'><strong>Oeeidue</strong></span> <span class='ocrx_word' id='word_1_30' title='bbox 1324 1765 1547 1854; x_wconf 87' lang='lat' dir='ltr'><strong>partis,</strong></span> <span class='ocrx_word' id='word_1_31' title='bbox 1589 1764 1953 1834; x_wconf 83' lang='lat' dir='ltr'><strong>moderator</strong></span> <span class='ocrx_word' id='word_1_32' title='bbox 1989 1766 2461 1836; x_wconf 84' lang='lat' dir='ltr'><strong>Cornuhiorum</strong></span> <span class='ocrx_word' id='word_1_33' title='bbox 2505 1794 2521 1834; x_wconf 68' lang='lat'>2</span> 
     </span>
     <span class='ocr_line' id='line_1_11' title="bbox 999 1877 2685 1967; baseline -0.002 -21"><span class='ocrx_word' id='word_1_34' title='bbox 999 1877 1309 1966; x_wconf 87' lang='lat' dir='ltr'><strong>Magnum</strong></span> <span class='ocrx_word' id='word_1_35' title='bbox 1349 1879 1456 1946; x_wconf 83' lang='lat' dir='ltr'><strong>eui</strong></span> <span class='ocrx_word' id='word_1_36' title='bbox 1494 1878 1754 1947; x_wconf 80' lang='lat' dir='ltr'><strong>suberat</strong></span> <span class='ocrx_word' id='word_1_37' title='bbox 1791 1890 2112 1967; x_wconf 87' lang='lat' dir='ltr'><strong>protracto</strong></span> <span class='ocrx_word' id='word_1_38' title='bbox 2150 1879 2354 1948; x_wconf 84' lang='lat' dir='ltr'><strong>limite</strong></span> <span class='ocrx_word' id='word_1_39' title='bbox 2391 1898 2685 1966; x_wconf 56' lang='lat' dir='ltr'><strong>regnun17</strong></span> 
     </span>
     <span class='ocr_line' id='line_1_12' title="bbox 1004 1993 2769 2083; baseline -0.001 -23"><span class='ocrx_word' id='word_1_40' title='bbox 1004 1993 1579 2082; x_wconf 86' lang='lat' dir='ltr'><strong>Normannumque</strong></span> <span class='ocrx_word' id='word_1_41' title='bbox 1618 1995 1813 2083; x_wconf 87' lang='lat' dir='ltr'><strong>gazis,</strong></span> <span class='ocrx_word' id='word_1_42' title='bbox 1854 1993 2194 2063; x_wconf 87' lang='lat' dir='ltr'><strong>redimitus</strong></span> <span class='ocrx_word' id='word_1_43' title='bbox 2231 2004 2517 2082; x_wconf 80' lang='lat' dir='ltr'><strong>tempora</strong></span> <span class='ocrx_word' id='word_1_44' title='bbox 2557 1994 2769 2078; x_wconf 64' lang='lat' dir='ltr'><strong>mitra,</strong></span> 
     </span>
     <span class='ocr_line' id='line_1_13' title="bbox 1004 2105 2569 2196; baseline 0 -22"><span class='ocrx_word' id='word_1_45' title='bbox 1004 2105 1319 2174; x_wconf 82' lang='lat' dir='ltr'><strong>Detractis</strong></span> <span class='ocrx_word' id='word_1_46' title='bbox 1356 2106 1581 2195; x_wconf 86' lang='lat' dir='ltr'><strong>fulget,</strong></span> <span class='ocrx_word' id='word_1_47' title='bbox 1624 2106 2002 2196; x_wconf 82' lang='lat' dir='ltr'><strong>cunctisque</strong></span> <span class='ocrx_word' id='word_1_48' title='bbox 2039 2107 2388 2195; x_wconf 83' lang='lat' dir='ltr'><strong>potentior,</strong></span> <span class='ocrx_word' id='word_1_49' title='bbox 2432 2107 2449 2174; x_wconf 89' lang='lat' dir='ltr'><strong>i</strong></span> <span class='ocrx_word' id='word_1_50' title='bbox 2457 2126 2569 2194; x_wconf 71' lang='lat' dir='ltr'><strong>psa</strong></span> 
     </span>
     <span class='ocr_line' id='line_1_14' title="bbox 1009 2205 3174 2310; baseline -0.003 -21"><span class='ocrx_word' id='word_1_51' title='bbox 1009 2205 1137 2306; x_wconf 82' lang='lat' dir='ltr'><strong>[B‚</strong></span> <span class='ocrx_word' id='word_1_52' title='bbox 1184 2232 1327 2289; x_wconf 77' lang='lat' dir='ltr'><strong>rol.</strong></span> <span class='ocrx_word' id='word_1_53' title='bbox 1377 2217 1518 2308; x_wconf 72' lang='lat'><strong>54]</strong></span> <span class='ocrx_word' id='word_1_54' title='bbox 1568 2220 1846 2287; x_wconf 84' lang='lat' dir='ltr'><strong>Barbara</strong></span> <span class='ocrx_word' id='word_1_55' title='bbox 1883 2231 2198 2310; x_wconf 85' lang='lat' dir='ltr'><strong>prostrate</strong></span> <span class='ocrx_word' id='word_1_56' title='bbox 2235 2221 2445 2310; x_wconf 86' lang='lat' dir='ltr'><strong>gentis</strong></span> <span class='ocrx_word' id='word_1_57' title='bbox 2481 2230 2625 2310; x_wconf 70' lang='lat' dir='ltr'><strong>pest</strong></span> <span class='ocrx_word' id='word_1_58' title='bbox 2661 2218 2829 2286; x_wconf 78' lang='lat' dir='ltr'><strong>bella</strong></span> <span class='ocrx_word' id='word_1_59' title='bbox 2865 2218 3174 2286; x_wconf 72' lang='lat' dir='ltr'><strong>inimicae,</strong></span> 
     </span>
     <span class='ocr_line' id='line_1_15' title="bbox 1004 2333 2845 2422; baseline 0 -20"><span class='ocrx_word' id='word_1_60' title='bbox 1004 2334 1145 2402; x_wconf 84' lang='lat' dir='ltr'><strong>Jam</strong></span> <span class='ocrx_word' id='word_1_61' title='bbox 1181 2343 1362 2418; x_wconf 85' lang='lat' dir='ltr'><strong>tune,</strong></span> <span class='ocrx_word' id='word_1_62' title='bbox 1405 2333 1689 2421; x_wconf 88' lang='lat' dir='ltr'><strong>quinque</strong></span> <span class='ocrx_word' id='word_1_63' title='bbox 1726 2333 1964 2401; x_wconf 87' lang='lat' dir='ltr'><strong>dueum</strong></span> <span class='ocrx_word' id='word_1_64' title='bbox 2003 2344 2297 2402; x_wconf 84' lang='lat' dir='ltr'><strong>truncato</strong></span> <span class='ocrx_word' id='word_1_65' title='bbox 2334 2334 2597 2418; x_wconf 55' lang='lat' dir='ltr'><strong>vertiee³</strong></span> <span class='ocrx_word' id='word_1_66' title='bbox 2637 2334 2845 2422; x_wconf 55' lang='lat' dir='ltr'><strong>cyulis*</strong></span> 
     </span>
     <span class='ocr_line' id='line_1_16' title="bbox 1009 2445 2677 2533; baseline -0.002 -15"><span class='ocrx_word' id='word_1_67' title='bbox 1009 2449 1171 2518; x_wconf 91' lang='lat' dir='ltr'><strong>Cum</strong></span> <span class='ocrx_word' id='word_1_68' title='bbox 1209 2446 1502 2533; x_wconf 81' lang='lat' dir='ltr'><strong>totidem,</strong></span> <span class='ocrx_word' id='word_1_69' title='bbox 1544 2445 1744 2515; x_wconf 82' lang='lat' dir='ltr'><strong>claret</strong></span> <span class='ocrx_word' id='word_1_70' title='bbox 1779 2447 2072 2516; x_wconf 86' lang='lat' dir='ltr'><strong>centenis</strong></span> <span class='ocrx_word' id='word_1_71' title='bbox 2109 2447 2314 2515; x_wconf 88' lang='lat' dir='ltr'><strong>vietor</strong></span> <span class='ocrx_word' id='word_1_72' title='bbox 2352 2447 2418 2515; x_wconf 89' lang='lat' dir='ltr'><strong>in</strong></span> <span class='ocrx_word' id='word_1_73' title='bbox 2457 2446 2677 2514; x_wconf 73' lang='lat' dir='ltr'><strong>armis,</strong></span> 
     </span>
     <span class='ocr_line' id='line_1_17' title="bbox 1009 2559 2697 2650; baseline 0.001 -21"><span class='ocrx_word' id='word_1_74' title='bbox 1009 2561 1224 2630; x_wconf 86' lang='lat' dir='ltr'><strong>Testis</strong></span> <span class='ocrx_word' id='word_1_75' title='bbox 1263 2570 1327 2630; x_wconf 90' lang='lat' dir='ltr'><strong>et</strong></span> <span class='ocrx_word' id='word_1_76' title='bbox 1363 2560 1503 2650; x_wconf 90' lang='lat' dir='ltr'><strong>ipse</strong></span> <span class='ocrx_word' id='word_1_77' title='bbox 1540 2559 1730 2649; x_wconf 84' lang='lat' dir='ltr'><strong>Liger</strong></span> <span class='ocrx_word' id='word_1_78' title='bbox 1767 2561 2004 2630; x_wconf 87' lang='lat' dir='ltr'><strong>fluvius</strong></span> <span class='ocrx_word' id='word_1_79' title='bbox 2041 2571 2164 2649; x_wconf 85' lang='lat' dir='ltr'><strong>est,</strong></span> <span class='ocrx_word' id='word_1_80' title='bbox 2207 2561 2394 2650; x_wconf 86' lang='lat' dir='ltr'><strong>cujus</strong></span> <span class='ocrx_word' id='word_1_81' title='bbox 2431 2561 2497 2628; x_wconf 85' lang='lat' dir='ltr'><strong>in</strong></span> <span class='ocrx_word' id='word_1_82' title='bbox 2537 2562 2697 2630; x_wconf 71' lang='lat' dir='ltr'><strong>albis</strong></span> 
     </span>
     <span class='ocr_line' id='line_1_18' title="bbox 1008 2675 2617 2767; baseline 0.002 -25"><span class='ocrx_word' id='word_1_83' title='bbox 1008 2675 1170 2743; x_wconf 85' lang='lat' dir='ltr'><strong>Aeta</strong></span> <span class='ocrx_word' id='word_1_84' title='bbox 1206 2676 1437 2745; x_wconf 86' lang='lat' dir='ltr'><strong>acriter</strong></span> <span class='ocrx_word' id='word_1_85' title='bbox 1471 2678 1729 2746; x_wconf 86' lang='lat' dir='ltr'><strong>fuerant</strong></span> <span class='ocrx_word' id='word_1_86' title='bbox 1765 2688 1921 2746; x_wconf 87' lang='lat' dir='ltr'><strong>tune</strong></span> <span class='ocrx_word' id='word_1_87' title='bbox 1956 2677 2116 2766; x_wconf 88' lang='lat' dir='ltr'><strong>ripis</strong></span> <span class='ocrx_word' id='word_1_88' title='bbox 2153 2678 2380 2767; x_wconf 86' lang='lat' dir='ltr'><strong>proelia</strong></span> <span class='ocrx_word' id='word_1_89' title='bbox 2417 2688 2617 2746; x_wconf 77' lang='lat' dir='ltr'><strong>tanta.</strong></span> 
     </span>
     <span class='ocr_line' id='line_1_19' title="bbox 1009 2789 2741 2879; baseline 0.001 -23"><span class='ocrx_word' id='word_1_90' title='bbox 1009 2790 1178 2878; x_wconf 91' lang='lat' dir='ltr'><strong>Ergo</strong></span> <span class='ocrx_word' id='word_1_91' title='bbox 1218 2789 1412 2858; x_wconf 87' lang='lat' dir='ltr'><strong>dehin</strong></span> <span class='ocrx_word' id='word_1_92' title='bbox 1453 2790 1750 2879; x_wconf 82' lang='lat' dir='ltr'><strong>eupiduS,</strong></span> <span class='ocrx_word' id='word_1_93' title='bbox 1793 2802 2087 2859; x_wconf 87' lang='lat' dir='ltr'><strong>sanetum</strong></span> <span class='ocrx_word' id='word_1_94' title='bbox 2127 2791 2489 2859; x_wconf 67' lang='lat' dir='ltr'><strong>conductus</strong></span> <span class='ocrx_word' id='word_1_95' title='bbox 2525 2810 2741 2858; x_wconf 71' lang='lat' dir='ltr'><strong>amare</strong></span> 
     </span>
     <span class='ocr_line' id='line_1_20' title="bbox 1006 2902 2597 2993; baseline 0.001 -24"><span class='ocrx_word' id='word_1_96' title='bbox 1006 2902 1298 2988; x_wconf 85' lang='lat' dir='ltr'><strong>Visendi,</strong></span> <span class='ocrx_word' id='word_1_97' title='bbox 1339 2903 1627 2991; x_wconf 88' lang='lat' dir='ltr'><strong>graditur</strong></span> <span class='ocrx_word' id='word_1_98' title='bbox 1661 2904 1958 2992; x_wconf 88' lang='lat' dir='ltr'><strong>pavidus,</strong></span> <span class='ocrx_word' id='word_1_99' title='bbox 1999 2914 2064 2972; x_wconf 92' lang='lat' dir='ltr'><strong>at</strong></span> <span class='ocrx_word' id='word_1_100' title='bbox 2101 2926 2343 2993; x_wconf 86' lang='lat' dir='ltr'><strong>pronus</strong></span> <span class='ocrx_word' id='word_1_101' title='bbox 2380 2905 2597 2972; x_wconf 74' lang='lat' dir='ltr'><strong>adurat</strong></span> 
     </span>
     <span class='ocr_line' id='line_1_21' title="bbox 1009 3016 2966 3102; baseline -0.002 -19"><span class='ocrx_word' id='word_1_102' title='bbox 1009 3016 1187 3084; x_wconf 88' lang='lat' dir='ltr'><strong>Talia</strong></span> <span class='ocrx_word' id='word_1_103' title='bbox 1225 3036 1737 3086; x_wconf 87' lang='lat' dir='ltr'><strong>commemorans</strong></span> <span class='ocrx_word' id='word_1_104' title='bbox 1781 3044 1796 3085; x_wconf 70' lang='grc' dir='ltr'><strong><em>ι</em></strong></span> <span class='ocrx_word' id='word_1_105' title='bbox 1845 3046 1874 3079; x_wconf 71' lang='lat' dir='ltr'><strong>&lt;c</strong></span> <span class='ocrx_word' id='word_1_106' title='bbox 1919 3016 2230 3100; x_wconf 78' lang='lat' dir='ltr'><strong>Quaenam</strong></span> <span class='ocrx_word' id='word_1_107' title='bbox 2267 3028 2332 3086; x_wconf 88' lang='lat' dir='ltr'><strong>te</strong></span> <span class='ocrx_word' id='word_1_108' title='bbox 2371 3038 2641 3086; x_wconf 79' lang='lat' dir='ltr'><strong>munera</strong></span> <span class='ocrx_word' id='word_1_109' title='bbox 2677 3017 2966 3102; x_wconf 72' lang='lat' dir='ltr'><strong>planant?</strong></span> 
     </span>
     <span class='ocr_line' id='line_1_22' title="bbox 1012 3129 2897 3219; baseline 0 -21"><span class='ocrx_word' id='word_1_110' title='bbox 1012 3129 1209 3218; x_wconf 88' lang='lat' dir='ltr'><strong>Copia</strong></span> <span class='ocrx_word' id='word_1_111' title='bbox 1246 3149 1397 3197; x_wconf 89' lang='lat' dir='ltr'><strong>nam</strong></span> <span class='ocrx_word' id='word_1_112' title='bbox 1437 3142 1729 3218; x_wconf 88' lang='lat' dir='ltr'><strong>superest</strong></span> <span class='ocrx_word' id='word_1_113' title='bbox 1765 3130 1923 3197; x_wconf 87' lang='lat' dir='ltr'><strong>mihi</strong></span> <span class='ocrx_word' id='word_1_114' title='bbox 1964 3152 2177 3199; x_wconf 88' lang='lat' dir='ltr'><strong>rerum</strong></span> <span class='ocrx_word' id='word_1_115' title='bbox 2217 3140 2282 3199; x_wconf 90' lang='lat' dir='ltr'><strong>et</strong></span> <span class='ocrx_word' id='word_1_116' title='bbox 2320 3150 2553 3219; x_wconf 77' lang='lat' dir='ltr'><strong>magna</strong></span> <span class='ocrx_word' id='word_1_117' title='bbox 2589 3141 2897 3218; x_wconf 70' lang='lat' dir='ltr'><strong>petestaS‚</strong></span> 
     </span>
    </p>

    <p class='ocr_par' dir='ltr' id='par_1_8' title="bbox 942 3240 2849 3782">
     <span class='ocr_line' id='line_1_23' title="bbox 942 3240 2709 3331; baseline 0 -24"><span class='ocrx_word' id='word_1_118' title='bbox 942 3240 947 3246; x_wconf 83' lang='grc'><strong>’</strong></span> <span class='ocrx_word' id='word_1_119' title='bbox 1009 3242 1350 3308; x_wconf 86' lang='lat' dir='ltr'><strong>Terrarum</strong></span> <span class='ocrx_word' id='word_1_120' title='bbox 1388 3243 1592 3330; x_wconf 91' lang='lat' dir='ltr'><strong>spatia</strong></span> <span class='ocrx_word' id='word_1_121' title='bbox 1629 3264 1778 3311; x_wconf 87' lang='lat' dir='ltr'><strong>cum</strong></span> <span class='ocrx_word' id='word_1_122' title='bbox 1819 3244 1990 3330; x_wconf 84' lang='lat' dir='ltr'><strong>gazis</strong></span> <span class='ocrx_word' id='word_1_123' title='bbox 2026 3243 2164 3310; x_wconf 88' lang='lat' dir='ltr'><strong>auri</strong></span> <span class='ocrx_word' id='word_1_124' title='bbox 2205 3251 2397 3331; x_wconf 89' lang='lat' dir='ltr'><strong>atque</strong></span> <span class='ocrx_word' id='word_1_125' title='bbox 2437 3242 2709 3330; x_wconf 32' lang='lat' dir='ltr'><strong>argentim</strong></span> 
     </span>
     <span class='ocr_line' id='line_1_24' title="bbox 1011 3352 2849 3441; baseline -0.001 -21"><span class='ocrx_word' id='word_1_126' title='bbox 1011 3352 1365 3421; x_wconf 89' lang='lat' dir='ltr'><strong>Commoda</strong></span> <span class='ocrx_word' id='word_1_127' title='bbox 1402 3365 1466 3422; x_wconf 89' lang='lat' dir='ltr'><strong>et</strong></span> <span class='ocrx_word' id='word_1_128' title='bbox 1502 3354 1867 3422; x_wconf 91' lang='lat' dir='ltr'><strong>innumeris</strong></span> <span class='ocrx_word' id='word_1_129' title='bbox 1906 3374 2052 3421; x_wconf 88' lang='lat' dir='ltr'><strong>eum</strong></span> <span class='ocrx_word' id='word_1_130' title='bbox 2093 3353 2282 3420; x_wconf 89' lang='lat' dir='ltr'><strong>donis</strong></span> <span class='ocrx_word' id='word_1_131' title='bbox 2317 3354 2597 3441; x_wconf 79' lang='lat' dir='ltr'><strong>plurima</strong></span> <span class='ocrx_word' id='word_1_132' title='bbox 2633 3354 2849 3418; x_wconf 44' lang='lat' dir='ltr'><strong>restis*</strong></span> 
     </span>
     <span class='ocr_line' id='line_1_25' title="bbox 1009 3464 2661 3554; baseline 0 -24"><span class='ocrx_word' id='word_1_133' title='bbox 1009 3464 1093 3531; x_wconf 86' lang='lat' dir='ltr'><strong>Et</strong></span> <span class='ocrx_word' id='word_1_134' title='bbox 1128 3464 1243 3531; x_wconf 86' lang='lat' dir='ltr'><strong>tibi</strong></span> <span class='ocrx_word' id='word_1_135' title='bbox 1283 3465 1514 3532; x_wconf 88' lang='lat' dir='ltr'><strong>tradita</strong></span> <span class='ocrx_word' id='word_1_136' title='bbox 1551 3486 1694 3554; x_wconf 84' lang='lat' dir='ltr'><strong>quae</strong></span> <span class='ocrx_word' id='word_1_137' title='bbox 1735 3466 1972 3533; x_wconf 87' lang='lat' dir='ltr'><strong>fuerint</strong></span> <span class='ocrx_word' id='word_1_138' title='bbox 2008 3465 2244 3532; x_wconf 86' lang='lat' dir='ltr'><strong>intaeta</strong></span> <span class='ocrx_word' id='word_1_139' title='bbox 2284 3466 2661 3546; x_wconf 60' lang='lat' dir='ltr'><strong>manebunt„</strong></span> 
     </span>
     <span class='ocr_line' id='line_1_26' title="bbox 1008 3578 2561 3669; baseline 0 -23"><span class='ocrx_word' id='word_1_140' title='bbox 1008 3579 1329 3669; x_wconf 86' lang='lat' dir='ltr'><strong>Nullaque</strong></span> <span class='ocrx_word' id='word_1_141' title='bbox 1368 3579 1600 3646; x_wconf 88' lang='lat' dir='ltr'><strong>mutari</strong></span> <span class='ocrx_word' id='word_1_142' title='bbox 1641 3590 1942 3667; x_wconf 87' lang='lat' dir='ltr'><strong>poterunt</strong></span> <span class='ocrx_word' id='word_1_143' title='bbox 1981 3578 2378 3665; x_wconf 83' lang='lat' dir='ltr'><strong>commertia,</strong></span> <span class='ocrx_word' id='word_1_144' title='bbox 2421 3578 2561 3646; x_wconf 68' lang='lat' dir='ltr'><strong>fixis</strong></span> 
     </span>
     <span class='ocr_line' id='line_1_27' title="bbox 1011 3692 2729 3782; baseline -0.002 -22"><span class='ocrx_word' id='word_1_145' title='bbox 1011 3693 1085 3761; x_wconf 90' lang='lat' dir='ltr'><strong>In</strong></span> <span class='ocrx_word' id='word_1_146' title='bbox 1123 3695 1349 3763; x_wconf 82' lang='lat' dir='ltr'><strong>eaelum</strong></span> <span class='ocrx_word' id='word_1_147' title='bbox 1388 3693 1617 3782; x_wconf 88' lang='lat' dir='ltr'><strong>positis</strong></span> <span class='ocrx_word' id='word_1_148' title='bbox 1655 3713 1774 3762; x_wconf 85' lang='lat' dir='ltr'><strong>eeu</strong></span> <span class='ocrx_word' id='word_1_149' title='bbox 1810 3692 2002 3763; x_wconf 88' lang='lat' dir='ltr'><strong>donis</strong></span> <span class='ocrx_word' id='word_1_150' title='bbox 2038 3712 2233 3761; x_wconf 89' lang='lat' dir='ltr'><strong>omne</strong></span> <span class='ocrx_word' id='word_1_151' title='bbox 2268 3711 2382 3781; x_wconf 85' lang='lat' dir='ltr'><strong>per</strong></span> <span class='ocrx_word' id='word_1_152' title='bbox 2420 3710 2649 3760; x_wconf 70' lang='lat' dir='ltr'><strong>aerum.</strong></span> <span class='ocrx_word' id='word_1_153' title='bbox 2701 3718 2729 3750; x_wconf 66' lang='lat' dir='ltr'>n</span> 
     </span>
    </p>
   </div>
   <div class='ocr_carea' id='block_1_8' title="bbox 3390 0 3412 5649">
    <p class='ocr_par' dir='ltr' id='par_1_9' title="bbox 3390 0 3412 5649">
     <span class='ocr_line' id='line_1_28' title="bbox 3390 0 3412 5649; baseline 0 0"><span class='ocrx_word' id='word_1_154' title='bbox 3390 0 3412 5649; x_wconf 95' lang='lat' dir='ltr'><strong> </strong></span> 
     </span>
    </p>
   </div>
  </div>
 </body>
</html>
