3459 5667
639 612 816 681 ..73-

162 774 225 824 nec
241 773 348 824 sermo
365 753 525 840 sufficere,
545 752 586 821 ad
605 771 643 821 ea
666 773 739 841 quae
763 751 798 820 in
824 751 894 820 loco
917 757 1031 820 sanctu
1049 748 1185 820 arctiora
1203 755 1293 840 gesta

162 881 241 940 sunt
258 869 441 941 redeamus.

611 1079 785 1154 CAPUT
817 1079 851 1153 X

485 1323 532 1387 Da
549 1322 728 1386 vestimentu
746 1320 813 1404 ejus
831 1320 973 1403 cyliciae.

211 1561 275 1653 [1,
294 1572 367 1629 rot.
390 1573 447 1630 uo
466 1564 517 1640 vo]
545 1558 594 1626 Er
622 1557 677 1625 illa
700 1577 776 1646 ergo
799 1555 852 1625 die
880 1575 944 1646 qua
966 1556 1074 1626 locum
1097 1575 1192 1625 suum
1216 1575 1295 1625 ecn-

167 1682 294 1744 struere
321 1670 431 1758 coepit,
457 1688 634 1758 numquam
664 1669 854 1738 indumento
882 1670 975 1738 laneo
999 1668 1133 1738 vestitus
1161 1678 1212 1737 est
1241 1678 1298 1736 aut

168 1788 269 1872 lineo,
295 1783 352 1853 sed
371 1784 564 1872 quibusdam
590 1783 729 1870 caprinis
749 1783 944 1851 induebatur
962 1783 1112 1871 pellibus.
1133 1783 1173 1850 Et
1193 1803 1298 1871 neque
1346 1777 1367 1846 b
1465 1819 1468 1826 -

168 1901 205 1969 in
220 1901 303 1968 lecto
321 1899 441 1988 plumis
458 1899 507 1966 uel
528 1899 672 1967 vestibus
689 1919 745 1966 seu
761 1899 856 1966 etiam
877 1897 977 1985 paleis
992 1906 1091 1966 strato
1108 1897 1221 1986 jacuit,
1242 1895 1299 1963 sed

171 2035 244 2082 cum
267 2013 431 2080 interdum
457 2011 648 2080 breuissime
671 2011 959 2099 interrumperetur
977 2029 996 2078 a
1014 2029 1141 2096 somna,
1162 2008 1299 2076 durissi-

170 2130 235 2197 mis
254 2129 301 2196 uti
320 2127 492 2196 corticibus
506 2127 673 2194 consuevit
692 2147 749 2214 pra
768 2126 904 2214 plumis3
922 2145 979 2214 pru
997 2124 1173 2214 peregrinis
1192 2129 1300 2191 autem

173 2245 333 2334 tapetibus
358 2243 466 2331 pic-tis,
496 2244 603 2310 arenis
636 2263 709 2310 cum
738 2242 856 2330 lapillis
886 2241 1102 2310 delectabatur
1130 2241 1299 2327 admixtis3

172 2379 231 2447 pro
253 2359 441 2447 capitalibus
461 2358 572 2426 sericis
595 2367 649 2426 aut
673 2357 814 2446 byssinis
840 2357 980 2425 velluvio
1006 2357 1149 2443 intextis,
1174 2357 1302 2424 duobus
1328 2352 1372 2422 ld

174 2481 299 2539 tantum
320 2470 479 2538 subleuari
498 2480 594 2559 eaput
612 2490 708 2538 suum
735 2481 767 2538 et
790 2469 889 2558 pedes
913 2471 1043 2538 solidari
1069 2471 1203 2540 iaciebat
1220 2472 1302 2561 lapi-

175 2583 270 2651 dibus
290 2583 365 2651 hinc
383 2592 414 2651 et
433 2584 508 2652 inde
534 2582 721 2671 suppositis.
747 2583 832 2664 Quid
855 2583 971 2670 plural
995 2585 1087 2666 Quali
1112 2584 1303 2654 indumento

175 2696 210 2764 in
227 2697 293 2784 die,
312 2696 369 2764 tali
386 2708 418 2766 et
436 2697 548 2766 eodem
567 2697 760 2765 induebatur
778 2705 810 2764 et
829 2697 862 2764 in
881 2706 986 2764 nocte.

601 3019 784 3094 CAPUT
820 3021 880 3094 XI

632 3262 679 3326 De
693 3261 722 3344 ej
725 3280 760 3326 us
774 3262 850 3328 cibo.

222 3499 281 3567 His
293 3518 375 3568 -vero
393 3498 433 3567 de
447 3498 639 3568 indumento
659 3499 903 3587 demonstratis,
920 3498 1088 3570 videamus
1103 3510 1135 3569 et
1154 3500 1194 3570 de
1209 3501 1307 3571 victu.

178 3613 300 3680 Panem
319 3612 493 3700 triticeum,
509 3614 573 3681 nisi
592 3624 720 3681 tantum
740 3635 779 3682 ex
798 3633 873 3702 quc
885 3615 998 3682 confici
1014 3615 1204 3683 sacrificium
1225 3618 1310 3685 sule·
1336 3607 1380 3676 15

179 3727 246 3812 bat,
268 3743 335 3794 non
354 3726 507 3813 comedit,
529 3728 586 3794 sed
610 3727 736 3796 modico
756 3729 944 3797 vescebatur
963 3747 1044 3816 pane
1064 3729 1217 3798 ordeaceo
1237 3751 1312 3798 cum

180 3839 288 3908 cinere
306 3839 460 3908 ammirto
473 3840 587 3928 aequali
604 3841 744 3927 pondere
758 3841 886 3928 libratu,
903 3853 1035 3931 excepto
1050 3843 1150 3931 quud,
1167 3844 1313 3925 Quadra-

54 3953 58 3957 ’
180 3953 304 4041 gesime
323 3963 479 4042 tempore,
495 3973 568 4022 cum
583 3954 670 4023 binis
684 3962 740 4022 aut
758 3955 862 4023 ternis
876 3976 942 4024 non
957 3956 1074 4024 cotidie
1088 3957 1313 4025 manducando

181 4065 363 4135 abstinebat
391 4065 516 4154 diebus,
545 4067 619 4155 plus
648 4067 688 4136 de
716 4067 825 4136 cinere
852 4069 1044 4156 ponebatur,
1073 4090 1197 4138 memor
1223 4071 1312 4139 illius

182 4184 349 4254 dicentis:
372 4185 434 4276 [3,
458 4197 531 4254 rot.
555 4193 621 4268 Μ]
644 4191 727 4268 Quia
747 4192 883 4255 cirterem
909 4198 1061 4274 tauquam
1082 4210 1197 4274 punem
1219 4210 1312 4257 man·
1338 4183 1384 4254 20

183 4299 340 4366 ducebam
358 4320 368 4364 z
383 4300 531 4388 quamuis
549 4301 611 4368 boc
628 4301 692 4369 alio
710 4321 807 4370 sensu
822 4310 947 4389 poterat
966 4302 1089 4370 traduci
1108 4303 1148 4370 ad
1166 4313 1314 4390 peccato-

185 4432 254 4480 rem
264 4408 332 4502 jam
345 4423 474 4503 peccata
489 4433 548 4484 sua
561 4414 787 4525 paenitentem,
803 4426 934 4505 propter
948 4398 1145 4506 peanitentiae
1159 4417 1313 4485 amaritu-
