3459 5667
1238 644 1319 662 -
1370 607 1500 677 105
1543 645 1646 662 —-·

393 745 719 836 Dispergit
753 753 947 816 notos
983 745 1246 815 veniant
1282 756 1569 836 spectare
1605 747 2033 836 triumphum.

394 863 601 948 Quem
638 863 853 935 cuncti
889 872 1118 934 natum
1152 863 1452 935 dicebant
1486 864 1990 936 Uuinualoeum.

927 1149 1068 1218 1111.
1113 1184 1197 1199 —
1236 1151 1329 1218 Dc
1367 1152 1652 1218 horribili
1686 1152 1949 1221 visione.

486 1395 622 1465 Nec
656 1410 862 1480 mora,
902 1393 1173 1462 terribili
1212 1413 1568 1463 concussus
1606 1395 1800 1464 corda
1836 1416 2095 1486 pavore,

399 1513 589 1581 Hunc
624 1508 781 1578 dum
819 1508 1010 1578 vellet
1048 1509 1282 1578 babere
1318 1519 1584 1599 paterna
1619 1510 1861 1579 talenta
1899 1520 2308 1602 sequentem,

402 1628 704 1696 Terretur
738 1625 1016 1715 genitor,
1057 1626 1482 1714 prosternitur
1520 1635 1712 1716 atque
1751 1627 2058 1697 subactus
2669 1626 2709 1690 ἵ]

402 1740 551 1830 Ipse
588 1739 730 1808 solo
767 1739 1036 1827 imperio
1073 1747 1354 1808 terrente
1390 1740 1732 1825 Tonantis,
1773 1751 1836 1809 et
1877 1739 2028 1810 inde

405 1852 691 1942 Supplex
725 1863 1075 1922 rennuerat
1111 1854 1222 1943 qui
1261 1874 1464 1922 unum
1502 1855 1742 1923 servire
1778 1857 2057 1924 Tonanti

406 1966 706 2051 Tradere,
747 1987 925 2036 nunc
961 1977 1147 2037 natos
1177 1969 1311 2058 jam
1349 1967 1633 2037 cernitur
1668 1967 1806 2056 ipse
1841 1969 2112 2040 daturus

408 2081 655 2149 Ternos
693 2094 977 2150 sacratos
1011 2081 1155 2168 tibi,
1199 2079 1455 2150 Christe
1492 2081 1795 2169 benigne,
1837 2082 2114 2171 futurOS,

408 2193 596 2285 Agne
630 2212 833 2283 sacer,
873 2193 1143 2264 comites
1178 2194 1437 2284 fulgens
1474 2194 1543 2262 in
1579 2193 1819 2263 vertice
1857 2194 2040 2283 Sion..
2637 2196 2665 2258 -1
2677 2194 2717 2258 ί]

946 2481 1024 2550 V.
1068 2518 1153 2532 —
1191 2482 1284 2549 Dc
1322 2483 1571 2549 turbine
1607 2484 1677 2548 in
1710 2483 1955 2550 itincre.

505 2738 561 2807 Ο
598 2735 753 2807 felix
789 2735 893 2806 via
929 2755 1043 2826 per
1080 2751 1273 2826 quam
1311 2755 1429 2803 vos
1464 2733 1900 2803 conscenditis
1937 2735 2139 2804 alma!

416 2853 648 2941 Magne
684 2860 890 2940 pater,
930 2850 1111 2939 pueri
1149 2868 1383 2938 magno
1423 2869 1569 2918 cum
1610 2869 1879 2918 munere
1916 2851 2150 2936 curris,

421 2964 988 3053 Grandevumque,
1029 2984 1213 3052 puer,
1256 2963 1513 3051 solaris,
1556 2975 1802 3049 sancte,
1844 2975 2203 3053 parentem.

425 3087 621 3165 [Fon.
672 3084 859 3161 118]
930 3078 1201 3146 Summe
1254 3097 1477 3165 senex,
1538 3088 1835 3146 sanctum
1903 3090 2279 3170 susceptum
2337 3080 2589 3170 suscipe

421 3194 612 3263 Alme
640 3212 822 3280 puer,
856 3201 1150 3260 sanctum
1180 3212 1425 3279 pronus
1453 3211 1760 3260 venerare
1786 3193 2202 3283 magistrum3
2297 3193 2585 3285 [natutng
2657 3206 2729 3270 1533

421 3308 651 3397 Magne
687 3324 945 3395 parens,
985 3306 1201 3396 magni
1240 3306 1433 3375 corda
1470 3306 1837 3376 scrutabere
1876 3306 2055 3376 doni.

426 3422 708 3511 Optime,
749 3441 866 3490 cur
900 3439 1250 3505 remorare,
1290 3421 1615 3490 Fracanei‘
1655 3431 1765 3491 tua
1804 3421 2015 3491 hostia
2051 3430 2309 3510 sumpta
2345 3431 2466 3492 est.

426 3537 527 3606 Tu
564 3537 754 3624 bene,
795 3546 1019 3606 sancte
1053 3534 1337 3621 Budoce,
1378 3534 1588 3603 virum
1625 3535 2014 3606 comitabere
2052 3535 2253 3606 dictu.

954 3818 1062 3886 vl.
1108 3855 1188 3870 —
1228 3820 1320 3887 Dc
1351 3822 1560 3904 primo
1598 3821 1731 3905 ejus
1768 3823 1976 3906 siquo.

520 4069 713 4138 Forte
746 4067 870 4138 suit
904 4079 1100 4138 notus
1136 4068 1359 4137 orandi
1398 4067 1628 4158 gratia,
1668 4067 1881 4137 dictus

431 4181 883 4273 visendusque
920 4182 1103 4252 locus
1146 4210 1162 4251 z
1205 4183 1332 4252 buc
1369 4203 1513 4252 cum
1554 4202 1891 4271 properare
1928 4182 2227 4252 Budocus
2657 4186 2741 4250 Ei]

435 4294 719 4364 Devotus
755 4296 981 4382 voluit,
1024 4295 1287 4385 quidam
1330 4296 1632 4366 tribuisse
1671 4296 1954 4386 maligno

438 4411 737 4481 Jussibus
772 4410 930 4481 haut
962 4412 1128 4502 aptis
1164 4412 1413 4482 aditum
1451 4423 1775 4501 narratur,
1815 4421 1880 4483 et
1916 4413 2134 4501 ipsum
