3459 5667
943 623 984 640 ..
1008 584 1053 654 bl
1075 624 1120 638 ...

511 724 655 814 Lympha
675 724 780 810 beata,
799 725 866 815 poli
885 746 957 815 quae
976 727 1061 795 celsa
1079 724 1247 794 cacumina
1264 732 1387 811 tranas,

555 839 803 929 Complexisque
820 841 878 909 ltei
896 841 1031 926 viribus,
1052 842 1131 908 haut
1150 840 1260 909 sileas.

511 953 568 1022 Sol
586 975 713 1043 quoque
731 976 805 1023 cum
825 955 903 1024 luna
920 957 1098 1046 nitidisque
1116 956 1213 1024 simul
1232 956 1313 1024 lerat
1330 953 1427 1024 astris

555 1066 692 1136 Actibus
709 1069 836 1136 eximiis
854 1069 986 1157 praetuia
1003 1069 1101 1158 digna
1120 1069 1199 1138 suis.

511 1180 629 1266 Imber,
649 1200 782 1270 rosque,
802 1183 960 1273 laresque,
981 1183 1148 1272 nivesque,
1170 1174 1315 1272 geluque=
1327 1181 1507 1272 rigescens3

557 1296 691 1384 Nosque
709 1296 854 1385 diesque,
876 1317 949 1366 meo
966 1294 1090 1365 reddite
1109 1296 1206 1386 digua
1225 1295 1308 1364 beo!

513 1408 595 1496 Lux,
616 1408 769 1494 tenebrae,
790 1410 910 1497 fulgur,
930 1411 1046 1496 nubes,
1069 1410 1166 1478 tellus
1185 1429 1324 1498 quoque,
1346 1417 1486 1497 montes,

560 1521 680 1608 Colles,
700 1532 816 1593 cuncta
835 1524 903 1591 Deo
922 1525 1067 1611 germina
1086 1521 1264 1591 concinite!

514 1633 646 1722 Fontes,
667 1646 799 1725 pontus,
819 1637 966 1722 flumina,
986 1636 1104 1723 bellua,
1125 1635 1224 1725 piscis
1242 1654 1398 1725 aquosae,

560 1748 676 1817 Omnis
694 1745 764 1818 auis'
780 1749 858 1838 poli,
880 1739 982 1818 bestia
1001 1769 1074 1818 cum
1093 1768 1222 1837 pecore,

514 1862 590 1930 Nati
608 1863 791 1949 bominum,
812 1864 964 1950 Domino,
985 1863 1149 1952 lsraelque
1167 1862 1338 1952 omnisque
1356 1860 1518 1948 sacerdos,

562 1975 770 2064 Subjectique
788 1977 850 2064 sni,
871 1977 989 2046 flectite
1008 1976 1104 2047 corda
1121 1975 1205 2045 Deo!

517 2092 696 2181 vitalisque
715 2093 813 2161 simul
832 2095 928 2164 llatus
947 2095 1127 2183 animaeque
1145 2093 1256 2182 vigent
1274 2113 1347 2182 quae

564 2207 667 2291 [lton.
689 2213 754 2288 aa]
773 2206 947 2277 Ominibus
966 2208 1087 2276 sanctis
1107 2228 1198 2296 spem
1215 2216 1348 2275 teneant
1366 2204 1522 2275 validam!

519 2319 630 2388 Sancti
648 2320 800 2406 humiles,
820 2320 932 2390 Misael
950 2331 983 2390 et
1001 2321 1133 2390 Ananias
1151 2320 1372 2408 Ananiasquc,

565 2431 724 2501 Cordibus
743 2434 859 2502 erectis
877 2435 1048 2503 vociferate
1067 2436 1153 2504 Dent

519 2549 682 2640 Terraque
701 2570 775 2619 cum
795 2552 947 2640 precibus,
962 2552 1063 2620 lundo
1083 2560 1250 2621 moveatur
1268 2551 1308 2620 ab
1328 2550 1407 2637 ime,

565 2665 720 2734 Fundens
738 2687 779 2735 ex
797 2678 872 2736 voto
892 2667 997 2736 dulcia
1016 2668 1101 2737 dicta
1120 2669 1200 2736 Deo.

520 2780 649 2848 Patrem
668 2801 743 2848 cum
761 2782 843 2850 Nato
863 2782 979 2872 aequali
998 2783 1167 2852 laudemus
1186 2801 1295 2852 amore

404 2923 450 2992 20
566 2893 608 2960 Et
626 2893 743 2963 Sancto
762 2895 884 2983 Spiritu
901 2894 1137 2964 contribuendo
1155 2895 1265 2964 tidem.

523 3008 647 3078 Cuncta
665 3030 722 3098 per
741 3009 869 3100 egregia
887 3010 1077 3080 benedictus
1095 3011 1203 3081 secula
1221 3011 1329 3099 laude,

568 3121 701 3192 Summe
719 3135 847 3213 potens,
867 3124 974 3214 ampla
992 3123 1209 3214 magnificaris
1227 3122 1305 3213 ope!

930 3451 1096 3526 CAPUT
1128 3451 1174 3524 V'

760 3681 806 3748 De
826 3681 885 3746 loci
902 3682 1036 3747 introito
1055 3689 1085 3747 et
1102 3681 1237 3764 ejusdam
1256 3683 1328 3748 situ.

524 3919 567 3987 Et
587 3937 685 4008 ymno
712 3916 812 4003 dicto,
832 3918 1050 4009 ingredientes
1069 3919 1184 3989 silvam
1206 3918 1418 4008 pergrandem
1438 3937 1536 4007 super
1554 3935 1606 3988 ora

483 4031 602 4100 littoris
620 4017 737 4117 sitam,
762 4032 1003 4119 lustrantesque
1025 4033 1141 4100 vallem
1165 4053 1236 4120 quae
1262 4032 1351 4120 prius
1374 4032 1421 4100 eis
1446 4031 1487 4100 de
1515 4032 1607 4120 longe

411 4197 456 4265 25
483 4156 684 4235 apparuerat,
709 4147 903 4216 invenerunt
930 4147 1092 4237 quendam
1120 4147 1154 4215 iu
1182 4147 1288 4216 medio
1313 4148 1385 4237 ejus
1410 4147 1550 4216 fundum
1576 4147 1607 4213 in

433 4274 435 4276 ’
483 4265 616 4333 modum
636 4265 745 4334 lunda
762 4265 950 4352 formatum,
966 4265 1104 4334 arcuatis
1124 4264 1277 4353 utrinque
1292 4264 1457 4333 montibus
1470 4273 1503 4332 et
1520 4261 1608 4332 salti-

484 4380 546 4450 bus
577 4379 668 4470 quasi
701 4379 906 4467 intercisum3
939 4381 1046 4453 locum
1075 4378 1207 4471 quidem
1235 4377 1487 4470 quietissimum,
1523 4376 1609 4448 siluis
