3459 5667
919 590 1112 657 -160-

456 736 586 797 sanetus
603 725 773 816 Martinus,
789 728 886 818 jussu
904 729 1029 799 abbatis
1047 730 1098 799 sui
1121 729 1274 819 degentes
1294 727 1393 798 vitam
1410 727 1577 799 heremiti-

456 860 537 929 eam,
558 854 590 913 et
607 842 642 911 in
660 842 755 912 tinem
776 844 870 913 claris
887 843 1051 914 miraculis
1070 844 1173 914 saneti
1195 844 1312 913 effecti.
1333 844 1476 926 Quorum
1498 865 1579 934 pos-

456 956 558 1027 sessio
582 957 643 1026 suit
665 956 729 1027 duo
758 958 824 1028 Ros
849 957 975 1048 Menur,
1000 961 1052 1029 An
1077 958 1231 1048 (laedon,
1257 957 1579 1046 marcinannus

454 1071 587 1144 Maelue.
1110 1082 1114 1087 ’

973 1266 1058 1335 XXX

624 1505 673 1575 Du
696 1525 796 1575 runnu
821 1506 888 1575 Rus
911 1506 1021 1575 Lounu
1047 1527 1087 1575 nr
1111 1526 1223 1576 rusum
1245 1506 1406 1575 Tnnuuns.

408 1736 430 1805 5
501 1744 643 1815 Insulam
668 1745 870 1837 quedicitur
890 1746 975 1815 Dant
1000 1746 1099 1833 Enes,
1121 1745 1154 1813 id
1176 1754 1226 1815 est
1249 1746 1402 1829 Terenes,
1425 1761 1464 1811 eu
1492 1708 1582 1831 quud

458 1861 581 1931 Maelue
602 1862 685 1933 Dant
706 1863 775 1951 llir,
797 1872 887 1953 pater
907 1861 1044 1931 Pritieut
1068 1862 1200 1944 Liusuc,
1224 1859 1314 1929 dedit
1335 1868 1447 1929 saneto
1472 1858 1582 1926 Uuin-

460 1974 605 2065 guntero,
627 1975 756 2066 quaudo
775 1997 849 2046 eum
869 1976 1014 2046 liberauit
1031 1976 1071 2045 ab
1094 1975 1280 2045 infirmitate
1302 1974 1409 2044 dentis
1431 1974 1483 2043 sui
1505 1975 1582 2043 hor·

459 2092 559 2161 nenda
588 2118 596 2161 :
626 2093 718 2184 eujus
750 2091 865 2162 divisio
897 2091 1012 2161 insulae
1041 2111 1061 2160 a
1090 2111 1179 2161 mare
1210 2103 1261 2161 est
1291 2110 1394 2181 usque
1425 2089 1465 2158 ad
1494 2108 1584 2157 mare

459 2210 579 2301 absque
598 2210 663 2279 ullo
682 2230 832 2300 umquam
855 2209 974 2279 herede
996 2208 1096 2301 [Μ.
1120 2224 1200 2280 1⁵4
1223 2207 1276 2301 m]
1305 2210 1338 2277 iu
1364 2218 1483 2277 aeterna
1507 2228 1584 2297 pos·

388 2320 616 2413 insessione,
653 2324 763 2394 Laedti
798 2324 960 2413 Gunlehti‚
997 2327 1159 2394 Aethuree
1194 2324 1345 2411 Rethear,
1382 2333 1415 2391 et
1450 2321 1584 2392 terciam

460 2450 583 2533 partem
601 2441 734 2512 eeclesiae
753 2442 819 2511 Lan
838 2442 943 2531 Coett,
963 2442 990 2508 V
1008 2442 1112 2531 uillas,
1132 2440 1263 2530 Castell,
1284 2441 1328 2510 111
1345 2440 1450 2509 uillas.

973 2729 1073 2800 XXXI

893 2968 946 3035 Du
972 2968 1153 3036 Puurauu.

507 3204 677 3292 Sepultura
702 3202 837 3273 Pritient
856 3204 988 3292 Blehue,
1009 3205 1147 3290 Leehuc‚
1167 3200 1334 3272 dimidiam
1357 3211 1479 3291 partem
1506 3200 1586 3270 Caer

463 3319 594 3408 lieston,
615 3330 646 3389 et
664 3319 732 3409 ipse
750 3319 881 3391 dederat
898 3320 992 3390 istam
1013 3319 1093 3389 Caer
1110 3321 1243 3389 lieston.

966 3609 1081 3677 XXXll

917 3848 969 3916 Du
996 3870 1129 3916 ninum.

510 4088 680 4179 Sepultura
698 4086 856 4177 Pritienti,
876 4088 975 4177 patris
993 4088 1163 4174 diurnam,
1183 4088 1264 4158 Caer
1281 4087 1407 4156 Tanett.
