3459 5667
925 594 1102 662 ..90-

448 734 547 827 gatio,
580 743 755 825 antequam
787 732 954 803 accederet
982 733 1024 802 ad
1055 732 1143 820 illos,
1177 731 1392 822 apparuisset,
1426 745 1582 824 quantus,
1677 765 1680 772 ·

447 851 546 920 Jlresu
565 851 666 918 bonet
688 849 880 918 miserorum
903 849 938 916 io
962 865 1055 938 poena
1074 847 1258 916 sistentium
1282 849 1378 917 corda
1397 847 1490 919 dolor
1508 871 1584 920 curn

447 967 661 1057 trepidatione
679 975 777 1050 [Fet.
799 975 868 1050 aa]
889 965 1035 1036 tenebat!
1056 967 1218 1034 Putabam
1241 965 1329 1035 enim
1352 966 1403 1036 vel
1428 967 1469 1036 ad
1493 987 1585 1038 mor-

447 1093 514 1152 tem
543 1082 594 1150 vel
625 1081 666 1150 ad
693 1081 868 1150 vindictam
901 1081 1060 1169 poenalem
1092 1079 1191 1149 citius
1222 1099 1259 1149 sc
1286 1100 1359 1149 esse
1391 1081 1582 1151 trahendos.

398 1190 423 1259 5
447 1198 613 1280 Attamen,
632 1195 688 1264 ubi
717 1195 758 1264 ad
786 1195 861 1263 illos
887 1203 1022 1263 ventum
1047 1204 1130 1280 erat,
1155 1211 1286 1263 causam
1311 1203 1409 1284 atquc
1434 1195 1584 1264 ordinem

447 1309 546 1400 hujus
570 1308 718 1398 periculi,
744 1308 837 1397 quasi
863 1307 1000 1395 inscius,
1020 1326 1130 1376 coram
1158 1306 1325 1396 discipulis
1354 1308 1423 1377 sois
1450 1318 1584 1378 muetos

448 1422 685 1494 sciscitabatur.
705 1423 750 1490 tt
769 1422 829 1508 illi,
849 1422 950 1492 nichil
973 1422 1108 1491 reticere
1130 1432 1303 1511 queuntes,
1324 1439 1421 1512 quam
1444 1423 1487 1490 ob
1504 1441 1583 1492 can-

448 1553 518 1605 sam
542 1534 707 1605 venisseut
730 1544 764 1604 et
788 1535 953 1624 quomodo
977 1534 1042 1604 illis
1071 1535 1253 1622 accidisset,
1281 1533 1368 1606 sicut
1395 1535 1465 1624 ipse
1491 1534 1583 1624 prius

447 1650 615 1739 discipulis
632 1648 841 1734 revelaverat,
860 1649 1056 1718 recolebant.
1077 1649 1127 1716 Ex
1146 1658 1226 1717 tunc
1243 1649 1340 1718 etiam
1358 1649 1400 1718 ab
1419 1669 1475 1718 ore
1492 1650 1581 1720 mul-

379 1756 423 1826 to
447 1773 555 1832 torum
587 1763 744 1851 propheta
773 1762 955 1850 appellatus
985 1771 1047 1848 est,
1081 1761 1146 1846 cui,
1178 1762 1247 1831 Deo
1278 1763 1454 1851 revelante,
1488 1761 1582 1832 nulla

447 1887 597 1967 poterant
614 1884 810 1945 secretorum
830 1875 969 1944 archana
987 1873 1154 1944 abscondi.

491 1993 533 2059 Et
563 1989 669 2059 adhuc
698 1990 826 2058 locutus
853 2000 903 2058 est
927 1989 1068 2059 dicens:
1093 2015 1107 2052 a
1135 1988 1201 2059 Cur
1231 1997 1296 2058 mm
1325 1991 1425 2060 stulte
1448 1990 1584 2080 ep'stisl

446 2105 563 2174 Nonne
590 2105 679 2173 enim
708 2104 811 2193 magis
837 2103 1055 2172 condecuerat
1085 2123 1124 2172 es
1152 2105 1286 2172 fratrum
1314 2104 1423 2172 labore
1455 2105 1580 2194 aliquid

448 2239 523 2288 cum
542 2210 712 2307 hylaritate
730 2217 907 2305 postulare,
922 2228 954 2286 et
972 2238 1010 2288 es
1025 2217 1238 2305 permissione
1255 2227 1414 2306 quantum
1432 2219 1582 2288 sufficere

379 2322 423 2394 15
449 2341 560 2421 posset
579 2332 757 2419 suscipere,
772 2348 870 2419 quatu
890 2330 924 2398 in
942 2330 1000 2400 llei
1020 2331 1159 2400 lamulos
1177 2330 1324 2400 lraudem
1344 2330 1445 2422 [rol.
1459 2347 1517 2401 aa)
1531 2338 1581 2415 m]

449 2449 594 2520 illicitam
623 2459 819 2539 perpetrare,
848 2449 927 2517 dum
955 2469 1012 2539 per
1038 2449 1218 2537 apostolum
1246 2448 1365 2518 dicitur
1391 2476 1399 2517 ι
1429 2475 1443 2510 a
1475 2434 1583 2518 Nolite

325 2633 330 2644 ,
449 2563 596 2632 fraudem
616 2563 720 2632 lacere
738 2563 824 2631 inter
841 2583 912 2648 uos,
932 2583 1037 2652 neque
1056 2563 1090 2632 in
1110 2563 1176 2632 ullo
1195 2564 1330 2652 negocio
1348 2561 1584 2632 circumveniat
1672 2557 1675 2564 '

448 2677 566 2767 aliquis
597 2677 727 2746 tratrem
754 2697 863 2744 suum.
895 2676 1010 2746 Nonne
1037 2675 1170 2763 etenim,
1196 2695 1270 2746 cum
1294 2687 1407 2746 nostra
1431 2675 1583 2746 voluistis

448 2791 575 2876 tollere,
594 2799 707 2880 aptum
727 2800 796 2860 erat
813 2800 849 2858 ut
868 2798 901 2858 et
920 2799 1024 2858 vestra
1042 2789 1235 2877 perderetis?
1253 2790 1330 2878 quia
1351 2789 1582 2860 circumeundo

378 2892 424 2962 20
448 2904 707 2974 circumvenistis
730 2913 858 2992 septum
886 2911 1046 2986 nostrum,
1076 2913 1109 2972 et
1133 2903 1220 2991 quod
1246 2924 1302 2992 per
1330 2904 1581 2992 oportunitatem

448 3037 580 3106 poscere
599 3029 632 3086 et
654 3037 783 3088 sumere
806 3016 971 3105 poteratis,
999 3035 1055 3105 per
1081 3018 1203 3085 lurtum
1226 3016 1449 3086 delectabilius
1475 3017 1581 3086 risum

448 3131 540 3198 vohis
568 3130 629 3200 luit
655 3150 780 3220 rapere,
804 3129 883 3198 dum
907 3147 997 3198 sacra
1022 3129 1074 3198 lex
1097 3129 1245 3218 prohibet
1272 3128 1409 3198 dicendo
1432 3155 1440 3198 ε
1467 3157 1481 3192 r
1507 3131 1581 3200 Non

448 3244 571 3312 lurtum
599 3244 709 3328 facies,
738 3263 844 3333 neque
873 3263 940 3312 rem
969 3241 1106 3331 proximi
1135 3242 1183 3311 tui
1213 3241 1437 3331 concupiscas.
1472 3270 1487 3303 a
1518 3241 1582 3311 Sed

448 3367 556 3426 tamen
580 3359 642 3426 hoc
663 3357 797 3426 omniuo
818 3377 885 3425 uon
911 3365 961 3425 est
984 3355 1116 3439 mirum,
1141 3355 1228 3444 quia,
1254 3355 1411 3426 suadente
1434 3354 1579 3442 diabolo,

378 3466 424 3538 25
448 3491 545 3540 omne
567 3480 747 3560 peccatum,
766 3471 844 3540 dum
863 3469 1087 3538 desideranter
1104 3469 1221 3558 agitur,
1243 3468 1397 3555 delectat,
1418 3477 1574 3554 attamen,

448 3605 524 3654 cum
547 3585 654 3672 puniri
678 3583 806 3673 incipit,
829 3585 897 3674 jam
921 3583 1104 3682 amarescit.
1136 3583 1258 3652 ldcirco
1280 3583 1349 3652 hanc
1372 3584 1462 3652 venit
1483 3601 1581 3672 super

448 3719 507 3768 uos
525 3698 704 3784 tribulatio,
728 3699 806 3788 quia
829 3697 1012 3786 spernendo
1035 3696 1306 3766 mendatum'Dci
1325 3695 1578 3784 contempsistis.

450 3814 514 3884 Sed
532 3824 565 3882 et
581 3833 670 3882 nunc
688 3813 799 3897 etiam,
820 3814 881 3882 hac
901 3819 999 3895 [sot.
1024 3809 1227 3901 1⁰⁰]vice,
1248 3810 1317 3900 ipse
1339 3810 1395 3900 qui
1419 3829 1477 3878 vos
1499 3809 1580 3898 liga-

449 3931 497 3999 uit
512 3931 630 4002 ihesus
648 3931 798 4000 Christus
816 3930 977 4002 Dominus
996 3939 1107 4000 noster
1124 3929 1165 3997 ab
1183 3929 1244 3998 hac
1262 3929 1354 4018 plaga
1372 3925 1502 3998 liberet!
1526 3955 1541 3988 a

379 4044 425 4118 30
493 4045 569 4113 llaec
592 4054 700 4114 autem
723 4043 769 4113 ita
794 4063 833 4114 eo
861 4052 1007 4134 rogante,
1036 4041 1207 4112 confestim
1236 4041 1277 4112 ab
1303 4041 1392 4111 omui
1421 4038 1580 4130 corporali

450 4161 543 4250 plaga
564 4161 662 4230 soluti
689 4171 780 4247 sunt,
804 4171 837 4232 et
862 4161 980 4251 adjecit
1002 4159 1142 4230 dicens:
1166 4187 1183 4222 ι
1205 4159 1318 4230 Videte
1339 4178 1381 4228 nc
1404 4157 1488 4228 ultra
1511 4158 1582 4228 hec

449 4275 590 4361 laciatis;
610 4276 714 4345 tollite
733 4275 809 4346 lrinc
822 4275 988 4346 vobiscum
1003 4293 1103 4346 onera
1121 4285 1240 4361 vestra,
1255 4284 1288 4345 et
1305 4273 1433 4364 quoties
1446 4291 1581 4344 necmsc

449 4390 548 4462 luerit
565 4389 664 4480 petite
681 4408 701 4462 a
718 4389 826 4476 nohis,
844 4398 878 4462 ct
896 4409 958 4462 nos
975 4389 1212 4478 incunctanter,
1234 4387 1302 4460 lleo
1324 4397 1500 4478 prestante,
1520 4385 1579 4456 tri·
