3459 5667
626 611 804 681 -al-

147 758 298 826 boemus.
318 755 361 823 Et
379 753 480 822 nolite
498 761 628 843 propter
645 749 848 820 transitorias
870 769 923 822 res
942 759 975 819 et
997 748 1134 818 caducas
1154 747 1281 816 animas

147 879 273 938 uestras
292 867 436 956 perdere.
460 893 474 927 ε
497 867 540 933 at
569 865 616 933 illi
645 864 764 933 mirum
791 864 826 932 in
854 863 987 932 modum
1015 861 1162 931 conuersi
1185 869 1281 930 etex
1347 879 1359 898 ·

148 983 236 1071 lupis
253 981 328 1069 agni
345 981 455 1048 statim
474 977 580 1048 ellecti
601 1005 609 1046 ι
633 1005 649 1040 ε
669 978 854 1066 Numquam
874 996 893 1044 a
910 987 956 1062 te,
972 976 1137 1066 inquiunt,
1158 973 1280 1064 poteri-

149 1118 224 1165 mus
242 1093 396 1184 separari,
410 1093 468 1162 aed
482 1093 548 1160 tuis
565 1090 722 1180 perpetim
735 1091 951 1179 obsequemur
964 1089 1121 1178 imperiis.
1139 1088 1277 1176 Quippe,

149 1210 206 1299 qni
224 1229 353 1278 carnem
371 1228 391 1276 a
408 1209 502 1298 plaga
520 1206 653 1296 potuisti
671 1224 788 1274 sanare
809 1205 981 1294 corporali,
1001 1223 1078 1276 eura
1099 1222 1231 1296 quoque
1248 1211 1281 1274 ct
1327 1190 1350 1261 ὅ

150 1323 192 1394 de
209 1324 390 1393 animarum
408 1321 598 1393 vulneribus
612 1319 859 1400 medendarum.
885 1345 899 1382 ε
927 1338 930 1342 ·

553 1645 728 1721 CAPUT
764 1643 877 1720 XXV

389 1888 471 1954 Item
488 1887 525 1953 dc
542 1885 680 1970 eteoclem
696 1886 823 1952 artatis
841 1885 1043 1968 ecposictmw.

158 2176 162 2181 -
198 2134 296 2210 [nel.
319 2134 403 2196 ab·
420 2121 475 2212 vo]
500 2121 684 2192 Mirandum
705 2119 799 2189 ualde
820 2121 884 2190 boe
902 2131 951 2190 est
971 2121 1046 2210 quia
1065 2121 1121 2212 qui
1138 2121 1285 2191 membro

154 2240 320 2310 debilitato
349 2236 599 2322 claudicaverat,
634 2246 668 2304 et
699 2234 823 2303 mundo
853 2249 984 2323 quoque
1016 2235 1219 2322 claudicavit,
1253 2245 1286 2304 et

154 2365 278 2445 quanto
295 2352 472 2441 expeditior
484 2353 589 2420 luerat
607 2352 641 2419 in
661 2351 836 2439 peccando,
851 2360 943 2419 tanto
962 2351 1170 2420 excellentior
1183 2353 1287 2420 factus

155 2469 218 2540 soli
237 2470 304 2538 beo
329 2466 468 2536 liberius
485 2483 598 2534 uacare
615 2465 734 2534 meruit
759 2464 793 2532 in
818 2485 916 2552 opere
937 2464 1071 2552 optimo.
1092 2465 1154 2548 Qui
1178 2476 1286 2536 autem
1314 2457 1356 2527 10

155 2582 297 2652 εεεεὶῑεεε
316 2581 482 2668 perculsus
499 2588 562 2666 est,
586 2588 724 2647 caecatus
749 2588 854 2648 estet
877 2579 1014 2663 mundo,
1034 2579 1109 2666 quia
1132 2579 1288 2668 quamdiu

154 2697 191 2764 in
209 2694 350 2785 peccatis
364 2703 509 2761 moratus
524 2693 647 2760 lubrica
660 2693 776 2760 mundi
790 2691 1000 2779 contemplari
1015 2701 1048 2760 et
1062 2692 1289 2780 concupiscere

155 2808 272 2878 babilis
290 2817 325 2876 et
345 2807 449 2875 facilis
475 2807 591 2893 fuerat,
612 2805 737 2874 tamdiu
761 2824 780 2873 a
804 2805 917 2874 mundi
942 2805 1202 2898 concupiscentia
1225 2827 1287 2874 ‹ae-

156 2934 261 3008 catus,
282 2921 384 2990 idest
401 2930 580 3008 separatus,
601 2919 757 2988 divinitus
777 2918 991 3006 illuminatus,
1011 2919 1132 2988 caelesti
1151 2939 1287 2988 suecen-

156 3057 215 3106 sus
241 3055 365 3120 amore,
389 3034 546 3122 spiritalia
569 3034 762 3103 desiderauit
783 3034 1008 3122 contemplari.
1040 3034 1163 3123 Atqui
1195 3033 1287 3123 qnasi
1315 3031 1359 3100 l5

157 3154 253 3222 arbor
284 3153 318 3219 in
346 3162 464 3220 terram
495 3151 639 3240 plantata
671 3151 755 3218 lixus
781 3151 945 3235 manebat,
974 3149 1056 3217 fixus
1084 3158 1134 3218 est
1160 3158 1194 3217 et
1222 3149 1291 3237 ipse

157 3267 296 3351 mundo,
316 3266 404 3356 quia,
425 3267 509 3335 sient
532 3286 669 3335 manens
688 3266 721 3333 in
747 3265 899 3354 operibus
917 3266 1066 3354 pessimis
1085 3265 1141 3334 diu
1160 3273 1292 3333 steterat

157 3383 194 3450 in
212 3379 347 3466 mundo,
370 3385 467 3460 [1⁸01.
492 3383 586 3460 ιω]
608 3377 666 3463 ita,
680 3396 772 3446 versa
790 3379 824 3445 in
846 3377 962 3445 melius
980 3377 1063 3464 viee,
1079 3377 1154 3445 huic
1168 3375 1291 3474 mupdo

158 3492 342 3562 resistendo
367 3492 518 3560 assistere
545 3490 664 3558 meruit
691 3490 727 3558 in
756 3491 970 3559 conversione
998 3490 1119 3578 optima
1149 3489 1290 3575 Christo,

158 3627 349 3699 perquem,
373 3606 457 3675 sicut
478 3607 524 3674 ait
546 3606 725 3695 apostolus,
750 3633 765 3668 ε
787 3607 960 3676 crucifixus
981 3606 1029 3672 illi
1053 3615 1121 3674 erat
1148 3605 1289 3673 mundns
1316 3609 1362 3678 20

160 3732 194 3792 et
211 3721 266 3790 ille
285 3720 419 3789 mundo.
445 3749 460 3782 x
482 3720 566 3803 Quia
584 3720 781 3809 quicumque
798 3720 971 3788 recesserit
989 3739 1008 3786 a
1026 3719 1161 3805 mundo,
1178 3718 1211 3786 id
1229 3729 1291 3798 εει,
1447 3701 1451 3707 ’

160 3840 202 3908 ab
221 3838 373 3927 operibus
387 3858 459 3926 quae
472 3838 571 3926 hujus
585 3837 698 3906 mundi
713 3838 912 3906 amatoribus
926 3838 1042 3927 placita
1057 3845 1146 3924 sunt,
1162 3855 1294 3904 necesse

162 3962 214 4023 est
230 3952 294 4020 cito
314 3961 350 4021 ut
368 3963 401 4020 et
418 3953 561 4021 mundus
579 3973 653 4020 eum
668 3952 867 4021 amatoribus
881 3952 950 4020 suis
968 3951 1060 4020 illum
1075 3951 1291 4038 derelinquat,

160 4067 254 4136 illum
282 4075 426 4153 spernat,
452 4065 546 4134 illum
570 4065 646 4134 odio
664 4065 791 4134 habeat.
813 4066 854 4133 Et
880 4075 1000 4154 quanto
1024 4063 1100 4132 huic
1122 4064 1291 4149 resisterit,

161 4190 254 4248 tanto
273 4191 305 4249 et
325 4181 378 4249 ille
396 4199 485 4248 arma
503 4201 562 4250 sua
584 4180 726 4250 miscens
749 4199 924 4268 venenosa,
946 4179 979 4248 id
1004 4189 1066 4266 est,
1086 4179 1190 4270 primo
1209 4179 1293 4248 inui-
1318 4177 1364 4246 ab

162 4295 224 4364 diae
255 4297 384 4365 dormite
415 4306 505 4381 nato,
543 4297 750 4365 detractionis
786 4297 1024 4385 blasfemiaeque
1054 4315 1227 4384 aspergens
1258 4295 1291 4362 in

165 4410 292 4480 occulto
318 4409 456 4500 semina,
485 4410 602 4482 deinde
627 4411 663 4482 iu
690 4421 801 4501 aperto
829 4411 923 4502 quasi
951 4429 1086 4482 examen
1115 4410 1314 4502 pessimum.
