3459 5667
432 1166 685 1277 LIBER
745 1167 1060 1281 PRIMUS

694 1452 800 1473 -ιιιιι-

634 1766 808 1839 CAPUT
842 1767 857 1838 1

237 2022 283 2087 De
302 2024 410 2089 tuctttc
428 2024 608 2089 Britannia
625 2023 787 2089 nobilitate
805 2042 927 2088 necnon
944 2031 973 2088 ct
991 2024 1028 2089 dc
1045 2023 1167 2109 [luqitia
1185 2025 1252 2108 ejus

490 2140 679 2223 necabitque
698 2149 790 2221 atquc
805 2140 992 2221 pestilentia.

223 2392 325 2485 [not.
354 2398 394 2475 a]
426 2390 594 2465 Britannia
626 2390 745 2476 insula,
777 2396 875 2473 [rot.
901 2407 929 2460 n
954 2398 1003 2473 m]
1036 2390 1076 2461 de
1105 2410 1169 2483 qua
1198 2393 1309 2482 stirpis
1343 2372 1347 2376 ⁸

176 2520 297 2579 nestrae
315 2507 405 2595 erigo
419 2506 511 2589 oiim,
527 2516 562 2575 ut
581 2506 676 2595 vulgo
695 2507 844 2589 refertur,
860 2508 1025 2595 processit,
1044 2506 1187 2578 locorum
1206 2527 1308 2580 amue-

177 2621 280 2693 nitate
304 2620 428 2706 inclita,
453 2619 569 2703 muris,
596 2620 739 2689 turribus
766 2622 955 2710 magnisque
978 2619 1140 2709 quandam
1163 2622 1308 2693 aedificiis

175 2734 337 2818 decorata,
354 2734 423 2803 baec
442 2751 590 2821 magnam
609 2732 760 2801 babuisse
778 2752 884 2799 rerum
904 2732 1029 2819 copiam
1049 2745 1210 2818 narratur,
1227 2754 1308 2802 esu·
1334 2719 1336 2723 ⁸

175 2849 306 2921 berasse
320 2868 376 2939 pre
390 2848 515 2918 cunctis
530 2868 602 2936 quae
621 2846 697 2916 buic
711 2847 857 2935 adjacent
875 2848 981 2931 terris,
998 2848 1164 2932 frumenti,
1186 2850 1305 2936 meliis,
1355 2845 1378 2913 ὅ

174 2965 331 3054 lactisque
345 2964 441 3035 simui
457 2963 666 3047 fertilissima,
679 2961 735 3031 sed
750 2983 815 3031 nen
833 2962 967 3048 omuino
981 2963 1047 3031 uini
1063 2964 1162 3032 ferax.
1180 2966 1306 3034 Barbas

174 3080 262 3151 euim
281 3097 346 3149 nun
366 3077 583 3166 ammingus,
605 3077 680 3165 quia
701 3077 729 3143 ui
749 3075 922 3164 Aquilonis
943 3075 1041 3148 nimia
1060 3077 1302 3165 constringitur.

174 3197 252 3268 Haec
279 3196 389 3287 igitur,
418 3194 517 3265 tantis
541 3195 682 3265 enutrita
704 3193 810 3276 bunis,
836 3204 873 3265 ut
899 3194 999 3263 herba
1026 3204 1168 3283 tempore
1189 3196 1306 3267 borum

174 3312 279 3403 primo
297 3312 414 3400 crevit,
439 3292 496 3381 sed
516 3330 603 3394 max,
624 3322 661 3379 ut
679 3331 772 3401 seges
792 3331 864 3400 quae
888 3294 1065 3400 numquam
1089 3311 1161 3401 gelu
1185 3312 1304 3401 premi·
1425 3381 1435 3395 ,

173 3436 228 3497 tur
255 3426 319 3495 citu
345 3424 447 3509 enim,
477 3432 623 3494 caumate
649 3434 773 3509 exorte,
807 3423 917 3493 omnia
948 3424 1062 3494 nociva
1092 3445 1165 3516 quae
1197 3426 1305 3516 fruges
1332 3413 1376 3483 ¹0

1 3527 2 3531 ¹
76 3574 80 3579 ·
174 3541 352 3627 ruminent,
385 3536 515 3621 emittit,
549 3536 709 3607 zesaniam
742 3557 918 3625 semenque
950 3548 1160 3625 tyrannorum
1191 3541 1305 3629 genuit

173 3652 376 3746 pestiferum.
402 3651 462 3721 Cui
489 3650 548 3719 suli
578 3649 759 3721 iucunditas
788 3650 932 3731 suberat,
958 3659 990 3719 et
1016 3650 1152 3723 Sabrina
1179 3670 1217 3721 ac
1240 3653 1304 3723 Ta-

173 3777 284 3836 menta
305 3764 408 3848 ssusii,
433 3783 489 3852 per
509 3770 605 3846 [1¹01.
627 3770 692 3845 an]
721 3762 814 3851 plana
837 3762 960 3849 diffusi,
984 3781 1022 3831 ac
1043 3783 1100 3853 per
1122 3776 1304 3858 opportuna

173 3868 281 3964 diuisi,
310 3876 494 3967 augmentis
525 3876 681 3945 ubertatis
712 3874 994 3966 impendebantur.
1029 3876 1113 3945 Huic
1144 3878 1303 3950 uniuersae

173 3989 312 4081 regioni,
333 3989 428 4059 bunis
448 3988 532 4058 male
556 3988 673 4072 utenti,
693 3987 891 4057 abundantia
911 4008 1019 4057 rerum
1038 4008 1134 4059 causa
1154 3991 1214 4060 iuit
1232 4011 1301 4061 ma·
1329 3985 1373 4055 ta

172 4106 293 4175 lurum.
318 4104 367 4173 Ex
390 4102 588 4172 abundantia
611 4101 697 4171 enim
722 4100 861 4188 luxuria,
888 4100 988 4172 iuedae
1009 4102 1173 4190 libidines,
1200 4105 1302 4177 idota·

171 4219 247 4306 tria,
267 4217 446 4307 sacrilegia,
466 4218 563 4304 furta,
583 4216 751 4303 adulteria,
772 4216 926 4307 perJuria,
947 4215 1120 4286 homicidia
1138 4229 1169 4288 et
1188 4231 1302 4291 ceterae

171 4332 324 4402 uitiorum
355 4332 496 4417 soboles,
530 4332 647 4422 quibus
683 4350 780 4401 omne
811 4330 991 4401 humanum
1026 4352 1129 4422 genus
1163 4333 1299 4424 obligari
