3459 5667
575 954 749 1031 CAPUT
784 957 839 1031 XI

17 1184 31 1229 ⁵=
145 1249 152 1257 .
225 1200 272 1269 Do
289 1201 389 1285 fratre
406 1200 543 1283 quodam
561 1200 763 1285 reprobante,
783 1208 812 1265 et
831 1201 945 1267 virtute
964 1200 1076 1267 ididam
1092 1201 1189 1285 scoto.

17 1514 18 1519 ,
185 1442 356 1528 Caeterum,
372 1462 414 1510 ne
432 1460 493 1510 nos
511 1440 650 1509 nimium
669 1440 803 1508 modum
821 1440 966 1511 historiae
979 1441 1146 1512 videamur
1163 1451 1270 1513 traus-

17 1608 19 1643 ,
140 1556 293 1642 uendere,
326 1557 368 1625 ad
398 1556 432 1625 id
466 1556 553 1646 quod
584 1564 720 1657 caeptum
754 1566 820 1643 est,
855 1558 921 1626 Deo
953 1559 1053 1644 duce,
1087 1558 1268 1629 redeamus.

140 1668 285 1752 Quadam
305 1670 480 1759 aliquando
498 1669 563 1753 die,
584 1668 661 1737 dum
686 1690 725 1737 ex
748 1690 838 1738 more
861 1671 957 1739 solito
975 1691 1151 1761 pauperum
1175 1672 1272 1742 corda

17 1774 19 1857 ff
139 1779 263 1848 mellita
286 1780 423 1848 celestis
441 1779 561 1848 oraculi
586 1778 757 1847 dulcedine
781 1779 943 1867 deliniret,
970 1770 1060 1869 spem
1079 1781 1272 1869 promittens
1305 1826 1309 1832 ·

17 1904 18 1963 J
140 1891 363 1961 retributionis
391 1902 531 1976 aeternae,
560 1900 656 1980 atque
684 1891 839 1959 orationis
870 1894 972 1978 [mot.
996 1910 1052 1963 to
1073 1897 1128 1981 ve]
1158 1894 1272 1963 solatia
1321 1897 1344 1965 b

141 2006 355 2075 commiscens
374 2006 586 2095 indigentiam
609 2026 721 2073 eorum
744 2006 884 2073 multum
908 2006 1051 2091 defleret,
1079 2008 1216 2096 contigit
1234 2017 1271 2075 ut

140 2119 274 2208 quidam
301 2139 340 2188 ex
368 2119 610 2188 scolasticorum
635 2118 771 2207 collegio
794 2120 959 2206 transiret,
984 2120 1040 2209 qui
1069 2141 1143 2189 mox
1172 2121 1273 2190 livore

17 2320 20 2329 ³
140 2236 308 2325 perculsus
334 2235 474 2321 invidiae,
507 2245 619 2303 contra
649 2236 708 2304 Dei
736 2236 893 2305 famulum
922 2236 1128 2306 vehementer
1155 2238 1270 2324 iratus,

139 2351 260 2441 quippe
287 2349 362 2438 quia
391 2369 456 2417 uon
485 2358 518 2417 et
544 2349 613 2436 ipse
637 2348 713 2415 talia
741 2367 835 2437 agere
865 2350 990 2419 valebat
1023 2350 1161 2439 (semper
1185 2353 1273 2421 euim
1304 2343 1344 2405 'l'

138 2461 281 2548 invidus,
303 2461 388 2529 uude
406 2461 511 2529 bouus
528 2459 665 2548 prolicit,
686 2460 762 2529 inde
780 2463 1002 2551 contabescit),
1022 2464 1055 2531 iu
1076 2466 1172 2534 verba
1191 2467 1271 2534 snb·
1302 2464 1347 2533 10

136 2575 343 2652 sannationis
355 2583 386 2642 et
405 2574 575 2642 dementiae
588 2573 773 2660 prosiliens,
791 2575 930 2642 multum
945 2576 1116 2665 increpitet
1134 2578 1271 2647 diceus:

143 2689 272 2756 aTune
298 2688 395 2775 igitur
419 2687 487 2755 haec
510 2704 604 2772 vana,
631 2687 722 2774 quasi
750 2687 979 2755 misericordiae
1001 2700 1086 2778 apta,
1111 2710 1186 2780 erga
1216 2693 1274 2761 Dei

138 2820 298 2891 pauperes
316 2801 437 2889 agitas?
460 2801 543 2867 Ecce
570 2799 687 2867 cotidie
710 2800 855 2888 jacentes
882 2800 916 2866 iu
939 2802 1055 2889 plateis
1083 2804 1154 2893 vagi
1183 2805 1276 2873 colli·

139 2927 274 3005 guntur,
294 2925 329 2982 ut
347 2933 366 2981 a
384 2914 535 3003 profundi
550 2913 616 2982 oris
630 2914 962 2983 doctorcimhuantur
976 2919 1097 3003 cuncti,
1114 2928 1145 2986 et
1164 2929 1273 2988 tamen

139 3029 241 3099 nichil
256 3028 456 3116 proficientes
470 3026 617 3096 aedificati
631 3027 857 3116 regrediuntur
871 3028 981 3097 vacui!
999 3030 1169 3113 Quomodo
1183 3052 1274 3122 ergo,
1304 3038 1348 3107 15

139 3164 197 3236 per
216 3152 320 3212 totum
346 3142 431 3211 diem
460 3142 624 3224 laborans,
645 3153 728 3231 opus
757 3152 849 3211 tuum
877 3143 910 3211 in
934 3154 1002 3212 tum
1026 3145 1157 3234 ignobili
1177 3148 1275 3236 vulgo

140 3257 291 3326 flebiliter
313 3256 474 3344 deperdis,
495 3256 588 3344 quasi
612 3256 865 3325 misericordiam
886 3259 1043 3329 simulans
1061 3260 1154 3350 cujus
1174 3242 1272 3329 allec-

140 3378 212 3436 tum
227 3389 293 3438 nou
309 3371 426 3439 hahes?
437 3372 553 3440 Nonne
566 3372 663 3440 etiam
677 3373 778 3441 satius
792 3386 978 3443 cerneretur
991 3396 1085 3464 opem
1098 3382 1194 3459 [not.
1207 3383 1274 3459 ει]

17 3532 18 3535 ,
139 3481 226 3551 lerre
244 3482 343 3551 nichil
363 3480 568 3569 habentibus,
590 3485 800 3553 elemosinam
824 3486 946 3575 largius
971 3488 1155 3572 tribuendo,
1178 3508 1276 3577 quam
1346 3510 1349 3515 ·

140 3615 270 3683 semper
287 3595 327 3663 de
345 3596 474 3665 illorum
493 3597 684 3686 indigentia,
706 3597 790 3666 sicut
809 3609 844 3667 tu
864 3600 1057 3669 stultissime
1075 3602 1274 3689 consuescis,
1303 3605 1348 3674 20

139 3711 356 3800 conquirere?
387 3713 479 3779 Tune
509 3712 564 3780 ille
590 3733 637 3797 es,
667 3712 760 3801 cujus
793 3714 907 3783 saltem
936 3715 987 3783 rel
1018 3716 1131 3783 umbra
1163 3736 1276 3785 omnes

139 3833 297 3893 curantur
318 3835 501 3914 poscentes
521 3836 577 3894 aut
596 3826 690 3915 cujus
709 3828 879 3915 pecuniam
897 3828 1016 3897 habere
1033 3850 1069 3899 se
1087 3830 1277 3920 denegantis

17 3962 18 3965 ¹
138 3937 260 4005 virtute
278 3947 410 4006 sanatur
425 3938 580 4007 claudus?
599 3940 665 4007 Aut
681 3940 706 4007 si
724 3939 824 4009 nichil
838 3941 952 4010 horum
968 3963 1040 4032 quae
1058 3944 1200 4032 predico,
1220 3964 1278 4033 per

138 4051 362 4140 temetipsum,
383 4052 547 4121 confidens
565 4053 599 4121 in
619 4054 748 4122 Domini
770 4055 827 4123 Dei
847 4056 894 4123 tui
914 4056 1067 4125 uirtutem
1087 4076 1154 4125 nou
1173 4058 1275 4145 vales,
1307 4118 1311 4123 a
1336 4065 1344 4128 “,

139 4164 226 4233 sicut
246 4166 383 4235 omnino
398 4187 464 4235 uon
484 4165 620 4235 dubium
639 4177 690 4236 est
711 4169 779 4237 haec
798 4177 830 4237 te
848 4188 915 4239 nou
939 4191 1036 4260 posse
1058 4171 1194 4257 efficere,
1219 4191 1277 4239 cur
1302 4172 1348 4241 25

142 4278 215 4345 haec
227 4278 319 4365 quasi
337 4289 509 4368 prepotens
527 4280 560 4348 iu
580 4280 686 4351 verbis
701 4294 733 4351 et
751 4303 847 4372 opere
862 4284 976 4354 insane
987 4285 1136 4374 jnctinsr
1149 4289 1198 4355 Eu
1213 4307 1274 4376 ego

17 4428 19 4435 ι
139 4389 229 4479 quod
248 4401 301 4461 est.
312 4393 390 4463 utile
404 4394 592 4483 premonui,
605 4404 640 4465 tu
656 4417 745 4489 vero,
759 4408 795 4467 ut
809 4399 944 4489 caepisti,
961 4401 1039 4490 (uou
1054 4419 1126 4471 mea
1139 4400 1274 4471 interest
