3459 5667
957 615 1154 686 -toa-

492 752 599 824 lorum
623 756 724 825 saneti
750 758 972 849 Uningualoaei
999 762 1053 850 qui
1076 773 1209 831 voratur
1235 764 1498 837 Lanteuuenooo.
1526 766 1611 835 Vidit

491 878 525 936 et
543 867 698 957 introivit,
719 881 751 939 et
771 873 889 943 ideirco
908 874 996 944 dedit
1016 896 1113 946 unam
1134 877 1241 946 villam
1260 899 1298 947 ex
1316 900 1379 968 quo
1402 879 1436 947 in
1456 880 1609 963 aeoelesia,

491 1002 590 1071 super
616 984 715 1053 altare
745 988 846 1083 saneti
877 988 1102 1079 Uuingualoei‚
1134 1012 1192 1079 pro
1217 992 1323 1062 anima
1349 1012 1408 1061 sua
1432 1004 1529 1083 atque
1557 1014 1611 1081 pro

490 1099 661 1170 animabus
690 1115 857 1191 parentum
885 1105 955 1193 eius
981 1106 1049 1175 sire
1077 1107 1221 1176 virorum
1249 1119 1343 1198 atque
1373 1110 1610 1188 defunctorum,

440 1212 464 1283 Β
490 1236 563 1306 quae
581 1228 711 1287 vocatur
730 1220 845 1288 Tbnou
863 1219 985 1306 Soleat,
1012 1231 1123 1290 saneto
1146 1222 1374 1313 Uuingualoaeo
1395 1222 1428 1291 in
1454 1222 1611 1291 dicumbi-

489 1332 578 1401 tione
608 1343 706 1423 atque
737 1333 771 1401 in
803 1344 922 1403 aeterna
953 1335 1141 1424 hereditate,
1174 1357 1232 1427 pro
1263 1338 1321 1405 Dei
1351 1356 1472 1423 amore,
1505 1354 1612 1406 eoram

490 1446 601 1516 multis
623 1448 772 1517 testibus.
794 1449 835 1516 Et
858 1448 913 1538 qui
934 1449 1079 1540 frangere
1103 1460 1159 1519 aut
1177 1452 1320 1519 minuere
1340 1451 1488 1536 voluerit,
1513 1451 1612 1519 male-

489 1559 594 1631 dictus
612 1562 654 1632 sit
672 1582 690 1633 a
710 1565 777 1633 Deo
796 1575 892 1655 atque
910 1565 949 1633 ab
968 1567 1091 1656 angelis
1109 1568 1194 1657 ejus3
1216 1568 1320 1657 etqui
1339 1567 1420 1635 beue
1440 1585 1610 1637 conserva-

488 1676 570 1745 rerit
598 1677 682 1746 hano
710 1678 930 1766 donationem,
961 1681 1140 1751 benedictio
1167 1683 1296 1751 Domini
1328 1704 1423 1772 super
1451 1703 1526 1753 eum
1556 1682 1608 1751 sit.

419 1787 464 1857 to
489 1791 605 1860 Amen.

532 1907 601 1995 Ego
621 1906 733 1995 Budie,
754 1928 861 1978 eomes
885 1909 1128 1992 cornubiensis,
1147 1910 1210 1979 boo
1232 1912 1354 1979 affirmo
1377 1920 1489 1979 saneto
1509 1910 1609 1979 Guin·

490 2022 637 2111 uualoeo,
659 2034 690 2091 et
708 2024 794 2112 quod
812 2025 910 2093 micbi
929 2025 1068 2114 pertinet
1085 2026 1223 2096 liberum
1240 2026 1294 2095 sit.
1316 2026 1434 2095 Amen.

978 2345 1121 2414 XXXVII

841 2587 888 2653 bn
914 2608 1008 2655 umus
1033 2588 1253 2657 Lsucouvurr.

533 2824 633 2917 [mot.
658 2842 739 2895 ass
762 2822 813 2915 νο]
833 2826 890 2893 Hae
909 2825 1023 2894 litterae
1040 2836 1232 2895 conservant
1249 2824 1347 2915 quod,
1364 2844 1438 2895 cum
1457 2825 1611 2893 transiret

488 2949 618 3010 sanetus
636 2940 879 3031 Uuingualoeus
893 2963 949 3031 per
963 2942 1178 3010 Dumnonieas
1193 2954 1298 3031 partes
1316 2951 1347 3008 et
1365 2940 1509 3009 venisset
1524 2950 1609 3009 trans

419 3056 461 3124 15
488 3058 607 3124 llumen
623 3055 753 3140 Coulut,
775 3055 911 3124 tendens
929 3055 967 3123 ad
988 3056 1184 3125 occidentem
1206 3067 1340 3143 partem,
1356 3041 1611 3143 deprecabantur

488 3184 523 3240 ut
541 3171 718 3258 imponeret
737 3189 865 3238 manum
888 3170 1015 3239 cuidam
1040 3170 1191 3259 languido
1210 3170 1351 3237 illorum.
1372 3169 1475 3251 Quem
1501 3170 1610 3237 statim

487 3285 611 3354 sanavit
639 3305 722 3375 aqua
750 3286 958 3371 sanctificata,
988 3306 1027 3354 ex
1058 3286 1146 3353 lente
1173 3304 1268 3373 quem
1298 3284 1383 3352 illico
1408 3282 1544 3351 dederat
1566 3282 1608 3349 illi

486 3400 654 3469 Dominus.
681 3400 729 3467 llli
758 3422 832 3469 uero
858 3400 1014 3470 dederunt
1038 3399 1066 3466 ei
1091 3400 1209 3483 lotum,
1235 3399 1287 3467 ubi
1312 3409 1420 3486 postea
1445 3408 1608 3465 monaste·

486 3515 601 3583 riolum
622 3516 765 3581 lecerunt
785 3515 897 3582 iratres
917 3515 948 3581 iu
976 3514 1097 3582 bonore
1116 3512 1218 3580 sancti
1238 3509 1463 3599 Uuingualoei.
1485 3510 1608 3577 Divisio

415 3626 460 3695 20
487 3629 580 3698 istius
599 3630 865 3719 possessiunculae
884 3641 969 3698 esta
989 3647 1076 3697 mare
1095 3648 1197 3717 usque
1220 3627 1260 3694 ad
1284 3645 1383 3709 mare,
1410 3626 1497 3694 siout
1518 3624 1607 3693 nobi-

485 3747 533 3816 les
551 3747 685 3816 beredes
708 3746 885 3815 diviserunt
907 3773 914 3813 ε
937 3748 979 3814 ita
1003 3758 1108 3815 tameo
1135 3756 1169 3813 ut
1197 3746 1228 3813 in
1258 3743 1327 3811 loeo
1355 3741 1468 3810 eodem
1492 3742 1607 3831 'agatur

486 3880 568 3949 opus
595 3862 740 3930 divinum
772 3861 833 3929 sub
865 3879 941 3929 eura
972 3869 1004 3929 et
1036 3859 1234 3949 subiectione
1262 3856 1387 3925 abbatis
1415 3856 1477 3924 loei
1507 3854 1605 3925 saneti

486 3971 709 4064 Uuingualoei.
