3459 5667
606 571 804 640 -141-

141 728 259 779 servus
275 706 333 777 Dei
352 708 531 797 Etbbinus3
552 710 579 780 si
598 711 637 779 ad
658 731 731 782 eum
750 712 852 781 filium
872 719 964 780 tuum
982 707 1122 796 duxeris,
1143 709 1264 779 sanita·

140 832 212 893 tem
231 824 299 893 suis
319 823 441 893 meritis
455 824 642 915 adquiretis.
659 828 701 895 Et
714 826 792 897 vivit
811 826 979 912 Damione,
995 824 1070 914 quia
1088 824 1128 892 de
1147 833 1179 893 te
1196 844 1263 894 non

140 940 271 1010 rediero
296 960 398 1030 usqne
418 940 518 1009 filium
541 961 647 1011 meum
677 942 872 1013 incolumem
898 952 973 1012 ante
997 950 1029 1015 te
1053 940 1219 1010 reduxero.
1245 968 1260 1002 a

139 1056 237 1125 Tune
257 1063 339 1140 [mot
365 1071 447 1127 tuo
465 1064 514 1141 ue]
535 1057 647 1128 beatus
661 1060 833 1147 Ebtbinns,
849 1058 1022 1129 oratorium
1037 1056 1172 1144 intrans,
1192 1065 1263 1125 tan

139 1179 214 1239 tum
242 1170 276 1239 in
302 1172 445 1243 oratione
472 1183 546 1243 ante
574 1175 671 1243 altare
696 1175 798 1265 jacuit
823 1194 992 1265 quousque
1016 1191 1144 1263 puer,a
1167 1171 1263 1241 domo
1313 1171 1335 1241 ὅ

139 1286 258 1357 matris
275 1290 420 1378 veniens,
440 1288 532 1359 beato
549 1290 618 1361 viro
636 1292 755 1361 diceret
775 1319 783 1362 :
807 1320 822 1353 u
846 1292 971 1361 Gratias
993 1289 1049 1360 tibi
1068 1309 1141 1379 ago,
1161 1298 1262 1378 pater,

141 1404 201 1493 qni
225 1424 277 1473 me
299 1404 333 1472 in
356 1404 438 1474 leeto
461 1405 650 1495 egritudinis
669 1394 830 1496 'jacentem
851 1405 989 1477 visitasti
1017 1415 1049 1475 et
1071 1405 1135 1473 tois
1159 1403 1264 1471 mani·

139 1518 206 1588 bus
226 1519 353 1590 erexisti
372 1530 405 1589 et
421 1521 589 1591 sanitatem
609 1520 747 1592 donasti.
771 1550 786 1585 a
807 1522 944 1611 Erigens
967 1541 1002 1591 se
1019 1520 1132 1590 beatus
1150 1518 1264 1587 Etbbi·

141 1654 209 1702 nus
237 1634 401 1704 benedixit
427 1635 613 1722 Dominum,
641 1636 697 1727 qui
726 1637 760 1705 in
790 1638 910 1707 sanetis
937 1636 1006 1706 suis
1038 1635 1188 1725 dignatus
1216 1643 1265 1703 est

41 1752 43 1813 ἕ
142 1749 269 1838 operari
291 1748 448 1820 mirabilia
470 1780 477 1819 :
502 1780 517 1813 u
539 1752 630 1841 Vide,
654 1752 772 1843 inquit,
799 1755 908 1840 frater,
929 1751 1051 1821 nemini
1069 1749 1169 1837 dicas,
1190 1748 1266 1839 qnia
1293 1748 1336 1818 dd

141 1887 212 1935 non
231 1866 313 1936 meis
336 1866 472 1953 meritis,
494 1867 549 1937 sed
574 1868 674 1957 gratia
699 1868 756 1936 Dei
776 1868 923 1937 sanitatis
945 1865 1077 1957 gloriam
1100 1860 1261 1951 accepisti.

188 1979 244 2049 10.
275 1980 360 2049 Vixit
387 1992 493 2052 antem
520 1982 634 2052 beatus
662 1982 821 2053 Etbbinus
848 1984 882 2052 in
913 1981 1025 2050 eodem
1053 1981 1123 2049 loco
1150 1977 1264 2067 uiginti

142 2097 253 2186 annis,
273 2117 421 2189 operans
452 2119 533 2188 opus
564 2098 636 2184 Dei,
669 2098 794 2168 donans
826 2098 980 2168 sanitates
1012 2095 1262 2166 infirmantibus.

142 2215 321 2305 Tantaque
346 2215 547 2285 abstinentiae
573 2216 634 2285 snit
655 2216 697 2284 ibi
717 2216 830 2285 beatus
853 2215 1025 2302 Ethbinus,
1050 2225 1086 2283 ut
1112 2214 1146 2282 in
1165 2212 1266 2281 ebdo-

42 2390 43 2397 ,
143 2326 241 2397 mada
259 2327 351 2397 cibus
365 2349 430 2398 non
444 2328 577 2398 intraret
590 2328 624 2398 io
639 2348 690 2416 eo,
706 2328 768 2397 nisi
783 2328 887 2397 solum
902 2328 934 2395 in
949 2327 1062 2417 quinta
1076 2326 1154 2396 teria
1172 2327 1266 2416 panis
1295 2324 1337 2393 15

144 2450 176 2508 et
197 2460 291 2531 aqua.
322 2442 440 2510 Vinum
459 2442 492 2509 in
521 2442 633 2511 eodem
656 2443 727 2512 iooo
750 2463 815 2512 non
839 2442 931 2528 bibit,
956 2442 1019 2511 nisi
1042 2442 1265 2511 tantummodo

145 2554 276 2644 quando
294 2575 329 2623 se
347 2554 612 2624 communicabat.
629 2553 741 2644 Igitur,
762 2576 835 2623 eum
851 2555 918 2643 jam
936 2555 1036 2623 ferme
1055 2554 1216 2645 octoginta
1234 2563 1267 2622 et

144 2669 245 2737 trium
264 2680 348 2741 esset
370 2690 540 2758 annornm,
563 2676 658 2753 [rot.
684 2675 778 2752 tuo]
797 2670 861 2739 aeri
886 2670 969 2758 cepit
992 2669 1102 2739 dolore
1126 2668 1264 2759 fatigari,

146 2787 392 2877 convocatisque
418 2787 568 2856 iratribus
590 2787 645 2875 qni
670 2786 703 2854 in
727 2785 838 2855 eadem
862 2786 942 2855 silva
965 2786 1173 2854 morabantur
1195 2783 1266 2851 obi-

146 2907 216 2968 tum
237 2921 330 2970 suum
349 2901 485 2991 predixit
509 2902 619 2971 dicens
641 2932 648 2971 ι
673 2930 687 2963 u
709 2900 948 2990 Cunetipotenti
966 2900 1117 2987 Domino,
1138 2900 1265 2985 fratres,
1292 2895 1338 2965 20

145 3034 203 3083 uos
223 3017 425 3103 commendo,
445 3016 500 3107 qui
518 3036 650 3105 presens
669 3026 717 3086 est
736 3016 769 3085 in
793 3016 917 3085 eunctis
939 3014 1194 3084 necessitatibus.
1216 3012 1266 3081 Me

145 3140 254 3199 autem
273 3132 313 3201 ad
331 3152 463 3221 presens
481 3151 613 3221 corpore
637 3132 828 3199 moriturum
853 3130 978 3218 scitote,
998 3140 1030 3199 et
1053 3130 1085 3199 in
1105 3128 1266 3197 dexteram

145 3256 269 3333 partem
287 3246 395 3316 altaris
413 3246 509 3335 hujus
523 3266 575 3314 me
589 3246 712 3336 ponite,
728 3263 897 3335 sacrasque
911 3246 1034 3314 hostias
1049 3264 1146 3333 super
1160 3242 1266 3332 ipsum

146 3381 204 3450 pro
228 3361 418 3431 remissione
444 3382 589 3431 meorum
612 3371 814 3452 peecatorum
837 3361 960 3430 offerte.
985 3389 1000 3423 a
1026 3362 1073 3429 ita
1095 3356 1267 3449 paeifieatis

147 3478 311 3566 omnibns,
331 3489 406 3549 ante
424 3479 523 3550 altare
542 3480 690 3570 spiritum
709 3479 849 3549 reddidit
865 3480 953 3547 Xllll
970 3480 1042 3549 Kal.
1063 3478 1264 3548 Nouembris.
1293 3477 1339 3546 25

147 3588 299 3681 Sepultus
326 3603 375 3663 est
401 3606 508 3665 autem
533 3594 567 3664 in
590 3595 703 3664 eodem
727 3595 797 3664 loco
821 3594 876 3663 nbi
897 3595 1037 3683 jusserat
1061 3593 1235 3663 honorifice
1256 3620 1264 3660 ε
1333 3653 1338 3661 .

146 3704 215 3789 ubi,
235 3707 372 3777 Domino
391 3708 555 3797 largiente,
577 3710 658 3778 finnt
676 3709 830 3779 miracula
852 3707 893 3776 ad
916 3707 1042 3777 landem
1061 3717 1093 3775 et
1111 3708 1267 3775 honorem

147 3820 290 3891 nominis
308 3823 378 3911 Dei,
399 3823 489 3913 cujus
507 3836 555 3893 est
572 3825 676 3893 bonor
694 3834 727 3892 et
749 3822 862 3912 gloria,
883 3821 984 3891 virtus
1002 3830 1035 3892 et
1051 3828 1193 3910 potestas
1211 3839 1268 3909 per

149 3932 274 4007 infinita
293 3938 472 4010 seculorum
491 3940 610 4011 secula.
630 3941 747 4010 Amen.

292 4201 430 4292 deplirtt
447 4205 512 4273 nito
528 4204 628 4274 suncti
645 4204 779 4273 Ebtbiai
797 4204 976 4289 confessoris
995 4201 1124 4273 causat.
