3459 5667
973 606 1150 674 ..pa-

492 747 574 819 sima
596 747 850 834 materfamilias,
880 747 987 818 subito
1010 749 1151 818 caecitate
1174 745 1318 836 perculsa
1341 744 1457 814 luerat.
1481 744 1527 812 At
1548 761 1624 812 vero

491 861 560 948 illa,
583 871 697 950 utputa
721 861 987 949 prudentissima,
1009 881 1075 929 non
1094 860 1134 928 ad
1153 861 1276 928 luctum
1295 856 1548 926 murmuriosum
1569 855 1624 924 sed

491 973 532 1042 ad
551 974 619 1041 Deo
638 972 758 1060 gratias
776 971 939 1061 agendum
958 989 1124 1068 conversa,
1141 969 1192 1038 bis
1211 970 1313 1038 tribus
1331 967 1426 1037 modo
1446 967 1623 1036 ostenden·

491 1086 542 1155 dis
573 1087 802 1155 consolabatur
834 1086 1004 1156 orbitatem
1042 1098 1135 1155 sua'm
1173 1083 1299 1154 noviler
1334 1095 1448 1152 ortam.
1484 1081 1623 1170 Jejnniis

429 1198 465 1267 ,5
492 1219 631 1290 namque
655 1201 881 1288 continuatim,
908 1201 975 1270 sire
1004 1200 1156 1269 biduanis
1182 1201 1250 1269 sire
1279 1199 1450 1284 triduanis,
1479 1198 1621 1283 intenta,

491 1316 691 1385 orationibus
724 1316 855 1401 devota3
890 1316 1083 1386 elemosinas
1110 1314 1291 1404 largissime
1318 1313 1424 1382 dando
1450 1311 1623 1380 terrentis-

490 1428 585 1518 sima,
606 1440 711 1498 totum
732 1430 780 1498 sic
802 1429 961 1499 conuertit
984 1450 1065 1517 opus
1085 1450 1179 1498 sunm
1204 1428 1245 1496 ad
1269 1428 1432 1497 Christum
1452 1437 1503 1512 ut,
1524 1424 1622 1492 tantis
1675 1509 1678 1516 Ι

490 1543 638 1632 mitigata
667 1543 947 1632 castigationibus,
976 1543 1071 1612 etiam
1100 1542 1205 1613 virilia
1230 1542 1381 1626 inomni
1406 1560 1488 1631 pene
1514 1538 1621 1608 studio

490 1658 632 1745 perlecto
651 1657 892 1726 transcenderet
911 1676 1019 1745 opera.

421 1769 465 1838 ro
536 1772 623 1840 Dens
641 1784 749 1842 autem
768 1771 989 1860 omnipotens,
1010 1771 1065 1861 qui
1091 1788 1293 1860 nequaquam
1317 1768 1402 1838 dona
1420 1787 1478 1838 sua
1497 1787 1517 1836 a
1536 1777 1619 1838 recte

490 1886 700 1975 poscentibus
721 1893 818 1968 [not.
844 1889 944 1974 roo]
970 1886 1114 1974 retrahit,
1141 1906 1209 1954 non
1232 1885 1439 1954 inretributas
1462 1883 1519 1951 diu
1543 1903 1619 1952 con-

490 2002 595 2090 spexit
611 2004 681 2092 ejus
705 2003 919 2091 operationes.
941 2003 1086 2085 Quadam
1110 2003 1197 2071 enim
1222 2012 1328 2087 nocta,
1348 2002 1425 2070 dum
1450 2020 1486 2068 se
1505 2001 1619 2089 paulu-

489 2113 558 2182 lum
576 2115 661 2182 inter
678 2115 834 2203 plurimas
856 2118 944 2186 fessa
967 2117 1092 2206 vigilias
1115 2117 1221 2205 sopori
1245 2116 1397 2202 dedisset,
1424 2115 1574 2204 apparuit
1592 2110 1619 2182 ei

489 2227 524 2296 in
544 2228 669 2296 somnis
683 2230 818 2316 angelus
831 2230 961 2298 Domini
982 2240 1014 2299 ct
1033 2240 1132 2299 totam
1148 2230 1319 2318 splendore
1334 2227 1468 2316 replevit
1486 2226 1619 2296 domum

413 2347 465 2424 '15
490 2341 612 2428 inqua
637 2352 706 2409 erat
730 2341 910 2428 dormiens,
937 2352 968 2410 et
992 2343 1035 2411 ait
1060 2343 1088 2410 ei
1111 2368 1118 2409 :
1143 2369 1157 2402 «
1178 2343 1261 2410 Ecce
1289 2341 1422 2408 nuntius
1449 2339 1507 2408 Dei
1534 2360 1617 2407 snm.

489 2455 610 2521 Nuntio
630 2455 688 2522 tibi
709 2456 785 2543 quia
808 2456 994 2525 elemosinae
1016 2467 1079 2525 tuae
1105 2477 1179 2524 cum
1203 2455 1403 2524 orationibus
1428 2473 1466 2522 ac
1487 2453 1620 2542 jejuniis

490 2567 555 2636 tuis
579 2569 791 2656 acceptabiles
815 2580 892 2638 sunt
914 2589 1020 2638 coram
1048 2569 1199 2654 Domino,
1220 2580 1252 2637 et
1274 2567 1423 2637 exaudita
1445 2576 1496 2635 cst
1519 2568 1618 2635 oratio

489 2689 546 2746 tua
563 2679 639 2767 quia
657 2699 722 2747 non
742 2680 782 2748 ad
802 2683 1103 2768 murmurationem,
1120 2681 1177 2750 sed
1195 2681 1235 2749 ad
1255 2680 1397 2749 studium
1418 2678 1495 2746 boni
1515 2679 1618 2768 operis

489 2802 522 2877 te
540 2793 703 2881 excitasti,
724 2805 757 2862 et
783 2795 856 2864 ideo
881 2796 1134 2864 misericordiam
1158 2801 1393 2881 consecutam,
1420 2803 1453 2862 et
1478 2803 1537 2862 tuo
1557 2793 1618 2860 nti-

418 2913 464 2982 20
490 2925 552 2995 que
571 2906 706 2994 pristino
730 2906 883 2975 ditaberis
911 2907 1047 2995 lumine,
1068 2909 1124 2976 sed
1144 2920 1264 2977 aeterno
1287 2928 1417 2997 quoque
1440 2928 1507 2975 non
1532 2907 1617 2974 lrau-

490 3021 617 3090 daberis
635 3021 733 3090 dono.
759 3023 829 3090 lloc
848 3023 1053 3091 solummodo
1072 3023 1159 3112 quod
1179 3043 1369 3091 concessum
1389 3033 1438 3090 est
1457 3031 1619 3111 gratanter

489 3135 611 3222 recipe,
631 3135 687 3204 sed
706 3148 739 3204 et
756 3155 853 3225 opera
873 3148 980 3205 tamen
1000 3158 1072 3226 quac
1091 3137 1188 3205 modo
1207 3148 1283 3205 ante
1304 3137 1420 3224 agebas
1438 3155 1536 3222 caeca,
1553 3136 1618 3224 jam

489 3250 600 3324 visura
630 3271 756 3340 semper
788 3271 847 3340 age
876 3273 941 3320 non
973 3259 1070 3334 [nol.
1097 3269 1180 3324 roa
1207 3259 1255 3334 νῦ]
1285 3253 1522 3341 neglegentius.
1553 3254 1619 3339 Age

488 3385 578 3454 ergo,
610 3387 684 3434 cum
719 3365 821 3454 prima
853 3367 910 3435 lux
942 3367 1124 3456 apparuerit
1152 3386 1260 3456 surge,
1291 3365 1370 3434 vade
1402 3366 1441 3434 ad
1471 3377 1617 3434 sanctum

417 3483 464 3552 ab
492 3480 739 3566 Uuinualoeum,
768 3493 800 3550 et
827 3503 885 3570 per
913 3503 987 3551 eum
1015 3484 1149 3571 recipies
1178 3482 1361 3552 sanitatem.
1394 3482 1618 3570 »Nec-plura

488 3592 605 3661 affatus
624 3594 794 3662 confestim
812 3595 957 3662 ascendit
976 3595 1009 3662 in
1030 3596 1156 3662 caelum.

513 3709 575 3778 'm
603 3707 658 3775 illa
677 3706 793 3776 debinc
816 3706 958 3776 diluculo
984 3728 1197 3796 consurgens,
1221 3727 1381 3777 unacum
1406 3689 1475 3776 suis
1499 3719 1533 3777 et
1556 3709 1617 3778 lilio

487 3840 559 3891 eam
578 3821 728 3903 ducente,
745 3820 807 3887 iter
821 3821 971 3908 carpebat
990 3821 1029 3888 ad
1044 3831 1205 3906 sanctum,
1222 3832 1253 3890 et
1272 3821 1441 3890 confestim
1462 3822 1617 3892 accedens

487 3933 529 4003 ad
552 3934 657 4024 illum,
682 3945 852 4022 postquam
876 3934 1055 4021 adorasset,
1082 3935 1223 4002 narravit
1248 3936 1277 4003 ei
1301 3935 1410 4003 omnia
1433 3957 1508 4025 quae
1537 3937 1618 4014 dicta

416 4050 461 4119 30
487 4049 616 4118 lucrant
638 4051 667 4117 ei
691 4070 749 4138 per
772 4051 935 4138 angelum.
957 4051 1014 4118 llle
1038 4060 1147 4118 autem
1171 4051 1337 4119 humiliter
1364 4051 1567 4141 respondens
1589 4063 1617 4122 et

487 4164 554 4231 Deo
572 4163 691 4252 gratias
709 4181 809 4251 agens
823 4162 928 4251 inquit
951 4191 958 4230 ι
984 4190 998 4224 α
1021 4164 1108 4231 Deus
1127 4163 1201 4249 hoc,
1218 4162 1279 4231 fide
1298 4163 1454 4252 adbibita,
1476 4180 1617 4255 prestare

487 4257 604 4364 potest.
629 4305 643 4338 »
665 4278 707 4344 Et
724 4276 833 4344 statim
858 4276 963 4364 tetigit
981 4277 1094 4344 oculos
1115 4277 1184 4366 ejus
1208 4295 1305 4344 manu
1329 4277 1453 4364 dextra,
1474 4279 1612 4350 dicens:

490 4419 506 4479 s
528 4392 590 4492 Qui
609 4393 689 4462 istos
711 4392 817 4483 linxit,
838 4391 893 4462 ille
907 4410 1026 4491 curare
1052 4391 1213 4482 dignetur.
1239 4421 1253 4456 a
1276 4394 1317 4462 Et
1340 4392 1496 4462 continuo
1517 4389 1614 4482 aperti
