3459 5667
639 619 812 689 ..19-

570 971 744 1047 CAPUT
779 969 882 1046 VIII

509 1216 555 1280 Dc
580 1198 767 1281 instruenda
792 1216 946 1280 oratioue.

207 1451 307 1541 Signo
329 1450 431 1540 igitur
453 1449 583 1520 virtutis
606 1460 855 1539 premonstrato,
875 1449 1044 1519 videamus
1061 1447 1159 1519 mode
1177 1448 1293 1534 oratic,

161 1564 254 1653 cujus
272 1586 307 1633 se
326 1565 435 1635 studio
454 1565 618 1655 predictus
637 1566 770 1656 pretulit
788 1565 873 1634 idem
891 1576 1037 1651 sanctus,
1053 1564 1170 1654 quibus
1188 1563 1295 1632 modis

164 1684 262 1760 [Ful.
285 1677 356 1769 u]
376 1680 461 1749 dicta
479 1680 534 1765 sit,
550 1679 699 1749 videlicet
716 1679 844 1749 duobus
865 1708 874 1747 ε
896 1698 972 1748 uam
992 1698 1065 1747 cum
1084 1678 1190 1767 agitur
1207 1676 1295 1766 apud

161 1791 324 1877 hemines,
344 1793 411 1863 eris
434 1792 515 1861 ratio
534 1804 757 1882 nuncupatur;
778 1811 852 1862 cum
866 1792 1026 1882 majestati
1040 1792 1200 1878 funditur,
1216 1811 1295 1879 sup-

160 1904 289 1992 plicatio
307 1914 357 1975 est
375 1906 514 1975 salubris
531 1916 562 1975 et
579 1906 686 1976 vitalis
700 1906 881 1976 humilitas.
898 1905 1009 1974 Oratio
1022 1905 1129 1974 cordis
1146 1914 1211 1990 est,
1226 1922 1293 1971 non
1343 1901 1367 1970 5

161 2016 338 2104 labiorum3
362 2039 468 2108 neque
495 2020 583 2088 enim
606 2021 703 2088 verba
730 2019 932 2109 deprecantis
954 2019 1043 2087 Deus
1065 2017 1217 2103 intendit,
1237 2018 1295 2087 sed

161 2152 218 2201 cor
246 2135 370 2203 orantis
396 2135 522 2222 aspicit.
552 2133 701 2217 Quodsi
732 2136 826 2204 tacite
853 2154 910 2205 cur
936 2143 1007 2203 eret
1033 2144 1067 2203 et
1095 2154 1158 2203 vox
1188 2133 1294 2219 sileat,

161 2248 309 2334 quamvis
335 2246 523 2315 bominibus
550 2246 660 2334 lateat,
685 2247 754 2316 Dee
782 2248 882 2317 latere
907 2267 975 2318 nun
999 2256 1116 2337 potest,
1137 2246 1192 2336 qui
1216 2267 1297 2316 ecn-

163 2358 307 2429 scientiae
332 2378 467 2449 presens
497 2368 558 2428 est.
589 2359 706 2429 Melius
731 2372 781 2429 est
808 2371 917 2429 autem
947 2380 1020 2428 cum
1049 2358 1179 2429 silentio
1211 2360 1297 2428 erari

162 2472 258 2542 corde
278 2473 349 2541 siue
367 2492 449 2542 suno
468 2472 568 2559 vocis,
588 2490 685 2561 quam
705 2472 785 2541 soils
803 2471 910 2540 verbis
928 2472 999 2540 sine
1021 2471 1143 2540 intuitu
1163 2471 1294 2539 mentis.
1323 2467 1368 2537 lt)

161 2586 239 2656 Ideo
257 2606 333 2677 ergo
351 2607 408 2656 eos
426 2587 564 2656 sormam
581 2586 738 2655 orationis
757 2586 936 2672 instruens,
956 2585 1104 2675 singulos
1123 2584 1296 2673 separatim

160 2699 254 2788 jubet
271 2702 428 2771 secretius
450 2719 554 2788 orare,
581 2720 622 2769 ne
646 2701 728 2769 alter
752 2700 886 2769 alterius
912 2700 1119 2788 impediretur
1140 2698 1295 2787 improbi-

164 2822 241 2898 tate,
260 2813 336 2902 quia
354 2834 420 2882 nun
447 2813 572 2883 nescire
592 2814 685 2882 illum
704 2813 854 2897 arbitror,
874 2811 930 2901 qui
949 2821 1039 2880 tauta
1058 2810 1296 2899 scripturarum

163 2926 255 3014 copia
273 2927 415 3016 repletus
434 2938 513 3014 erat,
535 2947 601 2995 uun
621 2927 662 2995 ub
681 2925 768 2995 aliud
787 2925 883 2994 nubis
901 2934 1089 3013 preceptum
1113 2944 1183 2993 esse
1206 2925 1296 2992 utin

163 3040 282 3109 clausis
305 3041 462 3109 cubiculis
485 3060 628 3126 oremus,
653 3059 718 3129 que
741 3038 875 3107 numine
896 3038 999 3123 [nul.
1020 3055 1073 3108 u
1093 3036 1146 3128 νῦ]
1171 3039 1296 3128 siguifi—
1322 3038 1366 3107 lu’

163 3162 277 3221 cantur
296 3154 415 3223 mentis
429 3154 618 3242 penetralia,
634 3152 698 3221 nisi
717 3151 804 3243 quud
821 3153 922 3239 Deus,
939 3162 975 3220 ut
988 3152 1084 3222 nobis
1098 3151 1184 3241 quod
1203 3152 1296 3242 cupi-

162 3284 239 3335 mus
266 3277 400 3354 prestet,
429 3267 537 3336 doceri
565 3277 676 3335 nostra
704 3266 868 3335 locutione
895 3286 962 3334 nun
985 3267 1102 3355 querit.
1127 3265 1296 3348 putenm

163 3376 307 3466 loquitur
319 3398 386 3447 suae
404 3380 580 3449 voluntatis
594 3380 722 3468 signum
743 3378 821 3447 luris
839 3379 908 3466 dat,
923 3379 1139 3467 particulatim
1158 3400 1294 3467 sonum,

163 3489 251 3559 Deus
280 3503 390 3560 autem
418 3493 452 3561 iu
480 3494 559 3582 ipsis
585 3493 752 3563 rationalis
778 3493 896 3562 animae
925 3494 1071 3581 secretis,
1098 3514 1170 3583 qum
1197 3495 1296 3565 hemo

163 3601 298 3671 interior
315 3614 482 3693 vocantur,
499 3615 531 3674 et
548 3606 733 3695 quereudus
747 3617 780 3675 et
798 3607 1019 3696 deprecandus
1033 3618 1083 3677 est
1100 3637 1108 3676 ι
1124 3609 1194 3677 baec
1207 3610 1295 3678 euim
1321 3605 1367 3674 20

165 3734 224 3785 sua
255 3718 375 3807 templa
407 3739 478 3789 esse
505 3721 618 3789 uoluit.
648 3721 700 3789 An
733 3720 817 3809 apud
844 3722 1027 3811 apostolum
1054 3742 1120 3791 uon
1147 3723 1253 3811 legisti
1284 3754 1292 3794 ι

167 3856 182 3889 «
204 3829 344 3899 Nescitis
362 3832 439 3921 quia
460 3833 616 3921 templum
636 3833 693 3901 nei
718 3834 809 3921 estis,
829 3845 862 3902 et
885 3834 1019 3924 spiritus
1039 3836 1096 3904 liei
1119 3836 1242 3905 habitat
1260 3837 1295 3907 in

163 3942 270 4029 robis,
293 3972 308 4005 l
329 3955 362 4013 et
389 3946 576 4016 interiorem
604 3946 769 4015 bominem
793 3948 939 4017 babitare
967 3949 1155 4019 Christum?
1171 3951 1238 4020 Nec
1262 3950 1296 4018 in

164 4057 319 4145 propbeta
342 4076 383 4126 en
409 4058 605 4129 advertisti:
630 4088 645 4121 «
667 4061 747 4143 Quae
770 4061 877 4130 dicitis
899 4062 933 4129 iu
957 4062 1120 4151 cordibus,
1145 4064 1180 4132 iu
1204 4064 1296 4132 cubi·

164 4169 251 4239 libus
269 4171 385 4240 vestris
404 4172 678 4261 compungimini3
703 4174 878 4243 sacrificate
897 4176 1090 4244 sacrificium
1110 4176 1246 4266 justitie
1264 4186 1297 4245 et
1322 4172 1368 4241 25

164 4292 293 4372 sperate
306 4282 341 4351 in
355 4284 506 4353 Domino.
527 4313 542 4346 r
560 4284 621 4353 Ubi
635 4295 731 4375 putas
745 4286 937 4355 sacrificium
953 4287 1089 4377 justitIae
1103 4289 1294 4377 sacrificare,

165 4396 229 4465 nisi
249 4396 423 4488 intemplo
446 4399 565 4470 mentis
588 4409 621 4470 et
642 4399 677 4469 in
699 4400 862 4471 cubilibus
880 4400 1018 4471 cerdist
1030 4401 1092 4472 Ubi
1111 4402 1295 4472 sacrificau-
