3459 5667
632 609 826 678 -tta-

164 750 240 821 darn
260 759 365 838 nocte,
387 758 509 817 secrete
527 770 599 818 curn
623 750 810 819 accessisset
833 750 873 819 ad
897 751 1030 819 domum
1053 748 1155 821 sancti
1179 749 1289 818 Guen-

162 864 304 955 gualoei,
324 863 400 931 dum
420 881 477 932 sua
501 862 619 931 femina
638 862 827 951 dormiebat,
849 863 890 933 ad
908 862 1103 934 audiendum
1124 845 1289 935 sermones

160 977 297 1069 predicti
323 976 517 1061 sanctione
544 961 663 1046 tonina
690 978 851 1068 evigilata,
877 978 1035 1049 excitante
1063 979 1210 1069 dyabolo,
1230 979 1289 1049 ivit

161 1092 327 1182 quesitum
355 1114 448 1161 suum
468 1093 618 1163 maritum
638 1103 760 1164 etcum
784 1094 962 1165 verberavit
980 1096 1013 1164 iu
1038 1096 1135 1165 choro
1154 1096 1287 1187 predicti

161 1210 278 1279 sancti.
295 1211 336 1278 Et
353 1221 418 1279 tam
437 1212 499 1280 cito
519 1222 584 1281 trcs
599 1212 689 1281 liberi
710 1221 742 1281 et
759 1214 829 1303 ejus
848 1213 963 1281 domus
982 1214 1111 1286 fuerunt
1129 1214 1286 1284 combusti
1335 1217 1358 1285 5

32 1332 34 1337 ’
160 1334 193 1394 et
214 1325 331 1393 mortui
350 1326 383 1393 in
403 1324 511 1415 domo,
533 1339 564 1396 et
582 1327 616 1395 in
641 1328 780 1396 crastina
806 1327 857 1396 die
882 1328 1061 1397 resuscitati
1081 1338 1113 1398 et
1136 1330 1285 1417 reparati,

32 1458 33 1511 ῑ
160 1451 192 1509 et
212 1439 324 1529 depost
348 1461 443 1510 sexus
462 1441 621 1511 semineus
645 1463 709 1510 non
730 1442 860 1511 intravit
879 1442 913 1511 in
934 1442 1033 1511 istum
1051 1442 1197 1511 chorum.
1219 1442 1286 1511 Hoc

32 1614 33 1623 2
160 1556 272 1624 omnia
290 1566 321 1623 et
336 1554 462 1644 singula
481 1555 611 1625 fuerunt
629 1558 723 1643 iacta,
740 1566 885 1645 patrante
904 1557 1042 1626 Domino
1057 1565 1167 1626 nostro
1184 1556 1284 1626 Jhesu

32 1680 34 1705 ³
160 1667 303 1755 Christo,
324 1668 356 1736 in
377 1670 497 1738 honore
516 1670 572 1739 Dei
592 1680 624 1739 ct
642 1670 743 1739 sancti
764 1669 995 1761 Guengualoci.

658 2020 660 2025 ·
672 1980 769 2049 LXIX

202 2229 294 2321 [Ιε.
316 2236 357 2307 c,
379 2233 449 2290 rot.
475 2237 528 2291 aa
549 2227 598 2303 vr]
617 2221 680 2289 Iste
699 2220 803 2289 littere
822 2230 954 2289 narrant
971 2219 1058 2310 quod
1076 2220 1210 2289 heredes
1228 2240 1282 2289 se·
1310 2227 1352 2296 to

156 2344 283 2414 culares
298 2339 424 2409 Cleruie
438 2336 613 2408 succedunt
628 2338 772 2425 Fragauo
787 2337 936 2406 Cathouii
950 2347 982 2406 et
1000 2337 1081 2406 Albe
1095 2337 1282 2406 Trimammi

154 2460 189 2526 in
216 2443 546 2525 hereditatibus'sitis
574 2453 607 2520 in
630 2452 809 2540 Armorica,
834 2471 853 2520 a
876 2472 950 2540 rege
972 2451 1134 2521 Gradlono
1157 2451 1279 2521 eisdem

154 2572 284 2645 traditis
303 2583 334 2639 ct
353 2569 577 2659 perpetualiter
595 2569 768 2654 concessis,
789 2567 882 2658 cujus
901 2567 1032 2636 situatio
1055 2576 1105 2635 cst
1127 2565 1161 2633 in
1185 2564 1280 2635 Curia

36 2748 38 2753 ,
155 2686 384 2778 sanguinaria,
403 2685 613 2754 inundatione
630 2684 798 2773 cujusdam
821 2684 908 2751 fluvii
935 2683 989 2772 qui
1014 2682 1141 2771 proprie
1163 2682 1280 2750 dicitur

35 2816 36 2865 I
153 2804 294 2893 Sanguis
321 2821 341 2870 a
367 2801 470 2891 capite
498 2799 698 2889 sang[uineo]
727 2798 869 2885 ssueutis,
895 2816 933 2866 ac
955 2798 1051 2866 etiarn
1070 2798 1105 2865 in
1124 2796 1272 2865 domina·
1306 2803 1348 2871 15

154 2920 243 2988 tione
270 2917 365 2986 Curie
392 2916 471 2983 Albe
498 2915 558 2982 site
581 2914 671 3004 juxta
696 2913 829 2981 fluuium
855 2914 911 3004 qui
934 2912 1051 2982 dicitur
1073 2914 1273 3001 Asper-cum

152 3008 223 3102 suis
239 3030 424 3123 apendiciis.
445 3031 566 3099 Divisio
585 3030 679 3099 istius
702 3029 961 3118 possessiunculc
983 3038 1034 3097 est
1056 3047 1075 3096 a
1096 3027 1176 3095 mari
1200 3047 1275 3116 sep-

153 3149 340 3218 tentrionali
360 3148 521 3237 usquead
540 3148 660 3217 flumen
679 3147 789 3216 Eloru.

661 3462 761 3531 Fron.
