3459 5667
950 590 1145 661 ..140-

485 754 560 807 nem
583 732 731 825 pauperis
755 748 885 803 carnem
905 730 981 803 Filii
1002 732 1073 802 Dei.
1098 734 1217 803 Beatus
1234 732 1468 825 Winpualoeus
1489 735 1592 807 dixit:

489 878 502 915 r
523 850 593 919 lluc
609 847 674 918 tuis
692 846 827 931 meritis,
843 848 940 917 frater
956 847 1111 937 Ethhine,
1126 848 1242 918 accidit
1260 848 1366 937 nohis,
1381 850 1438 940 qui
1456 859 1553 921 tauta
1563 871 1595 923 es

483 961 673 1034 humilitatis
691 972 723 1031 et
741 959 933 1031 obedientiae
945 972 982 1031 ut
994 961 1149 1052 quicquid
1163 962 1306 1033 humana
1319 962 1429 1052 lingua
1442 962 1596 1053 precipere

483 1088 589 1172 potest
610 1085 647 1145 tu
667 1074 762 1145 corde
786 1074 993 1144 devotissimo
1012 1082 1109 1159 [nol.
1144 1092 1226 1147 ns
1251 1082 1301 1159 νο]
1326 1075 1492 1166 adimples.
1522 1106 1538 1139 ι
1556 1079 1596 1149 tt

434 1196 457 1267 5
482 1204 594 1266 contra
610 1192 771 1263 Ethbinus
788 1192 832 1261 ait
849 1217 858 1260 z
878 1219 893 1253 r
910 1192 983 1261 Nou
1002 1192 1048 1260 ita
1065 1202 1127 1277 est,
1147 1203 1254 1283 pater;
1269 1193 1325 1263 sed
1343 1204 1391 1281 tu,
1412 1194 1466 1283 qui
1486 1193 1597 1265 cotidie

482 1328 610 1381 carnem
629 1316 661 1376 et
677 1306 870 1397 sanguinem
887 1307 986 1375 Jhesu
1009 1305 1129 1376 Christi
1146 1306 1310 1393 immolas,
1329 1306 1475 1377 meruisti
1493 1307 1596 1397 ipsum

481 1425 589 1495 uidere
606 1442 738 1512 corpore
756 1420 790 1490 iu
814 1441 875 1491 sue
892 1442 989 1511 quem
1006 1419 1135 1491 assidue
1152 1430 1245 1491 tenes
1267 1421 1302 1489 in
1319 1421 1439 1491 anime.
1460 1422 1597 1495 Videre

481 1541 620 1633 patefiat.
636 1541 738 1610 Nemo
752 1537 838 1609 enim
857 1539 920 1608 lmc
938 1538 1056 1609 iactum
1074 1538 1166 1607 novit
1178 1538 1241 1608 nisi
1260 1537 1348 1608 solus
1366 1540 1465 1626 Deus,
1484 1558 1596 1630 excep·

480 1660 522 1730 tis
535 1657 629 1728 nohis
643 1656 780 1726 duobus.
793 1661 813 1719 'r
828 1655 952 1727 llehiuc
965 1655 1006 1725 ad
1024 1655 1254 1725 monasterium
1268 1664 1466 1726 reuertentes
1477 1656 1595 1725 nemini

411 1773 454 1844 ld
480 1775 706 1859 innotuerunt,
739 1769 796 1841 sed
832 1788 924 1839 suam
960 1770 1227 1842 consuetudinem
1255 1790 1358 1861 usque
1388 1772 1595 1843 uastationem

479 1889 581 1981 ipsius
598 1885 709 1977 templi
728 1885 994 1975 adimpleverunt.

521 2003 555 2072 8.
588 2001 856 2091 Supervenieutcs
884 2000 972 2071 enim
1003 2001 1117 2071 Franci
1148 2009 1353 2071 vmtaverunt
1382 1996 1592 2073 Britanniam.

478 2122 569 2191 Tunc
591 2117 704 2187 heatus
724 2115 886 2186 Ethhinus
909 2114 1071 2187 Hibernia
1088 2127 1193 2206 partes
1214 2126 1337 2205 petens,
1366 2116 1400 2185 in
1421 2116 1501 2186 silua
1525 2139 1593 2208 qum

477 2229 646 2305 Nectensis
662 2232 791 2319 dicitur,
812 2241 848 2300 ut
865 2250 987 2322 pauper
1003 2232 1204 2322 peregrinus,
1223 2233 1386 2323 tugurium
1405 2234 1492 2319 lecit,
1513 2235 1592 2304 etin

409 2348 452 2418 15
477 2349 600 2417 honore
627 2348 727 2417 sancti
757 2347 880 2418 Silvani
907 2349 1055 2438 martyris
1079 2348 1263 2433 aecclesiam,
1277 2348 1454 2435 fabricavit,
1474 2348 1509 2418 in
1533 2367 1593 2439 qua

477 2470 605 2539 assidue
634 2478 670 2537 ut
692 2468 796 2537 hunus
819 2488 932 2538 servus
958 2467 1097 2537 Ilcmine
1123 2487 1183 2536 sue
1203 2467 1363 2537 militavit.
1384 2467 1495 2556 ¹Igitur
1519 2467 1593 2537 dum

476 2583 614 2674 quadam
647 2582 700 2652 die
727 2582 888 2652 Ethhinus
919 2602 976 2672 pre
1005 2582 1130 2651 leuibus
1157 2581 1342 2651 monasterii
1368 2581 1500 2651 sedens-
1515 2591 1590 2669 erat,

476 2697 610 2770 claudus
634 2697 722 2767 uenit
741 2707 774 2767 et
794 2697 835 2765 ah
857 2717 897 2766 ee
924 2697 1130 2767 elemosinam
1158 2697 1261 2787 petiit.
1282 2698 1325 2765 Et
1347 2696 1458 2765 heatus
1481 2697 1592 2766 Ethhi·

476 2834 539 2883 uus
566 2814 640 2883 ait:
666 2812 738 2881 «lu
767 2812 899 2881 nomine
925 2812 1055 2880 Domini
1082 2812 1184 2880 uestri
1210 2811 1311 2880 lhesu
1339 2810 1470 2896 Christi,
1501 2830 1592 2901 surge

405 2922 450 2993 20
475 2949 573 3001 sanus
592 2938 624 2998 et
643 2938 693 2998 sta
710 2948 806 3018 super
824 2928 921 3016 pedes
938 2938 1026 3012 tuus,
1046 2936 1079 2996 ct
1100 2924 1236 2996 benedic
1255 2931 1352 3009 [nol.
1376 2922 1474 3015 m]
1494 2926 1592 2994 licum

475 3045 529 3136 qui
549 3044 651 3113 salvat
677 3052 841 3131 sperantes
867 3044 901 3111 in
924 3060 970 3111 se.
995 3070 1010 3103 s
1030 3042 1073 3109 m
1085 3040 1244 3110 ,contiuuo
1261 3040 1306 3109 ita
1324 3058 1423 3110 sanus
1442 3040 1589 3127 surrexit,-

474 3159 626 3250 qnatinus
645 3175 822 3247 numquam
841 3156 976 3226 claudus
994 3155 1118 3226 luisset.

516 3276 550 3344 9.
576 3273 729 3358 Quaedam
755 3274 871 3343 mulier
899 3274 1002 3342 lilium
1029 3273 1151 3342 hahens
1175 3270 1387 3363 paraliticum,
1417 3272 1459 3341 ad
1488 3271 1592 3341 uirum

446 3390 531 3460 liei
562 3389 707 3475 veniens,
733 3387 915 3477 postularit
946 3398 983 3457 ut
1012 3387 1144 3457 domum
1175 3387 1246 3477 cJ‘us
1277 3386 1400 3456 ueniret
1429 3386 1593 3477 filiumque

403 3496 447 3567 25
473 3526 568 3575 suum
597 3503 739 3572 visitaret
767 3512 799 3572 et
828 3503 997 3573 sanitatem
1023 3521 1042 3571 a
1069 3502 1208 3572 Domine
1230 3502 1260 3571 ei
1283 3502 1477 3592 impetraret.
1503 3503 1592 3571 Tunc

472 3620 583 3691 heatus
611 3618 669 3689 Ilei
698 3639 809 3689 servus
836 3618 883 3687 ait
909 3618 956 3686 illi
977 3647 986 3687 ε
1009 3646 1025 3680 r
1045 3618 1112 3687 Nos
1131 3617 1224 3693 enim
1252 3628 1434 3706 peccateres
1459 3638 1588 3699 sumum

471 3735 534 3805 hoc
552 3734 741 3803 miraculum
761 3734 794 3802 in
814 3754 909 3804 usum
928 3753 993 3803 non
1017 3734 1191 3820 hahemus3
1215 3733 1273 3803 sed
1294 3734 1321 3802 si
1344 3734 1515 3803 sanitatem
1532 3733 1591 3802 dlii

472 3853 520 3924 tui
551 3852 702 3944 requiris,
731 3852 772 3923 ad
803 3862 923 3923 sauctae
952 3852 1089 3942 Brigidae
1116 3851 1321 3942 sepulchrum
1352 3851 1471 3942 perduc
1502 3872 1588 3921 cum.

473 3967 587 4056 Credo,
608 3988 665 4058 per
687 3968 744 4037 llei
764 3967 1028 4054 misericordiam,
1047 3966 1122 4057 quia
1145 3967 1188 4036 ihi
1212 3966 1334 4036 meritis
1356 3975 1475 4035 sauctae
1493 3967 1591 4056 virgi-

402 4072 447 4143 30
472 4084 524 4154 nis
551 4093 736 4173 recepturus
760 4093 810 4153 est
833 4084 1016 4153 sanitatem.
1046 4111 1060 4146 s
1092 4084 1137 4152 At
1163 4083 1218 4151 illa
1247 4081 1445 4172 respondens
1470 4081 1552 4151 dixit
1578 4107 1587 4151 a

475 4226 490 4262 α
512 4197 573 4285 lbi,
593 4208 694 4288 pater,
716 4219 790 4269 eum
806 4198 874 4289 jam
892 4198 1027 4289 portari,
1047 4209 1079 4269 et
1100 4199 1177 4268 dum
1195 4197 1331 4288 quadam
1350 4206 1446 4266 nocte
1464 4194 1589 4286 uigilias

471 4313 619 4385 fecissem
649 4313 814 4403 paululum
846 4312 1099 4400 uhdcrmiui,'et
1128 4313 1164 4383 in
1196 4312 1321 4383 somnis
1353 4330 1465 4381 uocem
1491 4309 1588 4381 michi

472 4430 630 4501 dicentem
656 4429 762 4502 audiui
793 4456 801 4500 :
831 4431 868 4501 ln
894 4430 974 4500 silva
1002 4450 1075 4521 quae
1089 4428 1268 4500 ·Nectensis
1298 4427 1417 4499 dicitur
1443 4435 1584 4499 moratur
