3459 5667
590 1201 847 1320 LIBER
907 1199 1350 1324 SECUNDUS.

918 1486 1025 1510 -Φ-

858 1800 1033 1876 CAPUT
1068 1802 1084 1874 Ι

406 2047 453 2114 Dc
480 2047 652 2128 incessione
679 2044 760 2127 ejas,
780 2063 802 2109 a
824 2045 964 2128 predicto
991 2045 1286 2128 saniorcpcrmissa
1309 2044 1535 2130 litimiacum

451 2160 595 2225 undecim
607 2159 771 2243 fratribus,
788 2166 815 2222 et
833 2159 870 2222 de
884 2158 1022 2239 eiusdem
1039 2158 1194 2239 familiari
1207 2160 1443 2240 ammonitione,
1463 2159 1537 2223 dam

451 2276 511 2339 iter
530 2280 671 2356 aacrcnt,
691 2273 844 2355 quomodo
869 2291 900 2337 sc
924 2280 1034 2338 contra
1058 2272 1186 2338 insidias
1211 2273 1336 2356 antiqui
1361 2273 1453 2338 bostis
1473 2280 1538 2338 tam

402 2449 405 2452 ,
452 2395 542 2453 caatc
559 2393 698 2470 aacrmt.
835 2369 840 2375 ⁴

455 2621 556 2714 [nor.
578 2640 632 2692 aa
656 2627 705 2704 νο]
719 2620 854 2691 Postera
873 2629 981 2689 autem
1000 2619 1065 2705 die,
1086 2629 1161 2710 post
1179 2585 1535 2710 talemalloeutionem,

410 2759 562 2829 egressus
580 2739 794 2806 Wiouaioeus
814 2736 915 2828 [1¹⁰1.
939 2741 1007 2820 aa]
1033 2757 1106 2805 cum
1121 2736 1279 2806 ,undecim
1303 2738 1456 2807 iratribus
1479 2739 1539 2807 sibi

410 2853 549 2940 traditis,
564 2865 693 2941 accepta
711 2871 730 2921 a
748 2862 839 2941 patre
852 2851 971 2920 eximio
987 2851 1072 2934 [sibi]
1089 2861 1121 2921 et
1140 2851 1209 2920 suis
1228 2853 1371 2939 predicto
1389 2852 1540 2922 bencdic-

411 2966 502 3035 tione
520 2975 552 3034 et
565 2966 639 3034 data
658 2966 797 3034 invicem
815 2974 930 3032 mutuo
944 2965 1046 3033 multa
1061 2963 1151 3052 copia
1170 2965 1394 3053 benedicendi,
1409 2966 1540 3055 ignarus

363 3088 387 3158 5
413 3097 552 3170 quanam
572 3078 606 3146 in
622 3085 710 3166 parte
725 3097 759 3146 se
777 3086 916 3146 verteret
929 3077 987 3145 sed
1001 3076 1058 3144 Dei
1074 3076 1176 3145 fretus
1190 3077 1322 3163 auxilio,
1339 3088 1456 3146 cuncta
1473 3077 1540 3166 ejus

413 3191 620 3280 dispositioni
648 3191 854 3259 committens
882 3200 914 3259 et
944 3190 1148 3279 gubernatui,
1180 3191 1242 3258 iter
1269 3192 1399 3259 beatum
1430 3192 1541 3268 beatus

413 3307 565 3396 perrexit,
586 3325 651 3373 non
670 3315 779 3374 tamen
797 3305 860 3374 boc
878 3305 981 3373 solum
1000 3304 1087 3393 quod
1106 3305 1325 3392 corporalibus
1348 3305 1435 3392 carpi
1454 3305 1539 3374 vide·

414 3430 468 3489 tur
486 3419 633 3507 pedibus,
653 3417 709 3486 sed
727 3417 809 3486 illud
826 3418 934 3506 potius
958 3416 1056 3506 quod,
1077 3418 1208 3486 elevatis
1231 3419 1390 3486 bonorum
1413 3439 1540 3488 morum

415 3532 607 3620 actionibus,
630 3531 840 3620 spiritualiter
858 3531 1059 3619 pergraditur
1078 3530 1254 3622 gressibus
1276 3530 1433 3613 Quamvis
1457 3531 1542 3598 enim

345 3657 389 3727 10
415 3647 591 3717 honorifice
614 3646 648 3714 in
671 3646 742 3714 loco
765 3646 908 3734 predicto
934 3645 1032 3713 vitam
1056 3657 1165 3734 ageret
1188 3646 1358 3735 aegregiam
1384 3654 1416 3714 et
1438 3665 1539 3734 paene,

415 3764 489 3832 lieet
514 3763 600 3831 inter
622 3761 798 3830 aoenobitas
814 3761 986 3847 habitaret,
1006 3761 1274 3846 anachoreticam,
1295 3769 1542 3848 tamen-angus-

415 3877 532 3945 tiorem
550 3877 584 3943 in
604 3895 642 3944 eo
662 3895 727 3965 quo
745 3893 821 3944 ossa
838 3875 908 3964 ejus
922 3892 1013 3956 saera
1031 3895 1120 3942 nunc
1133 3872 1261 3942 condita
1281 3883 1357 3942 sunt
1375 3891 1542 3962 aggressus

416 4000 466 4061 est
488 3991 649 4078 semitam,
669 3990 704 4058 in
723 4009 820 4080 quam
838 4010 948 4077 nemo,
969 3988 1118 4079 quamvis
1137 3995 1283 4074 raropex
1304 3998 1384 4055 tunc
1407 3997 1439 4055 et
1457 4005 1544 4055 nuuc

417 4125 517 4174 ausus
536 4114 585 4173 est
602 4105 693 4194 sequi
712 4104 817 4193 illum,
836 4102 933 4190 siem,
954 4102 983 4172 si
1005 4105 1093 4172 Deus
1112 4101 1235 4191 siverit,
1256 4102 1290 4170 iu
1309 4098 1544 4190 subsequendis

348 4223 392 4294 15
419 4217 702 4289 demonstrabitur.

462 4331 528 4403 Sed
557 4352 624 4402 non
652 4331 723 4421 ejus
750 4332 873 4424 regula,
903 4348 1000 4423 quam
1030 4351 1107 4402 suos
1138 4325 1544 4420 docebat[1³o1.0au⁰]
