3459 5667
923 526 1101 596 „5822

448 676 551 736 mater
578 665 788 735 honorificata
817 665 991 756 benignus,
1024 667 1213 756 tibimetipsi
1242 667 1348 757 gmris
1373 676 1406 736 et
1433 683 1581 737 amarus.

491 782 595 849 Nemo
613 781 660 848 sic
677 799 769 848 suam
788 780 828 848 alt
843 780 979 849 infantia
993 781 1119 850 domuit
1133 799 1262 850 carnem
1281 811 1288 850 ι
1303 782 1401 851 homo
1414 781 1525 850 virens
1540 781 1582 850 in

447 913 592 984 corpore,
602 893 720 962 cotidie
733 903 863 982 propter
876 893 1092 963 arctissimam
1106 895 1180 964 ritae
1194 895 1471 964 conversationem
1487 915 1580 963 mor-

447 1018 537 1095 tuus,
557 1008 674 1077 cotidie
692 1016 821 1096 propter
836 1029 926 1096 spem
941 1009 974 1076 in
990 1009 1118 1078 Christo
1135 1008 1353 1078 firmissimam
1367 1009 1473 1093 vivus,
1490 1009 1580 1078 sicut

397 1125 421 1195 5
447 1123 603 1211 scriptura
616 1131 689 1196 est:
710 1150 725 1188 c
748 1124 882 1212 Propter
899 1136 932 1192 tc
952 1124 1184 1192 mortificamur
1201 1132 1269 1192 tota
1292 1123 1355 1192 die.
1379 1150 1394 1186 s
1416 1122 1578 1192 Mundum

447 1247 552 1306 totum
571 1235 753 1325 perdidisti,
769 1246 805 1304 ut
822 1236 913 1306 illam
932 1237 1016 1306 inter
1034 1247 1164 1306 sanctos
1182 1237 1325 1326 accipere
1344 1236 1513 1306 merereris
1531 1237 1577 1306 dc

436 1352 568 1444 ‘optime
586 1352 792 1421 ministrante
818 1353 1066 1442 promissionem
1095 1354 1216 1424 Christi
1244 1353 1415 1423 dicentis:
1445 1381 1460 1414 α
1490 1352 1577 1436 Quia

446 1469 667 1560 superomnia
683 1468 769 1536 bona
786 1487 847 1546 sna
863 1469 1040 1538 constituet
1058 1489 1145 1544 eum,
1166 1497 1180 1530 r
1197 1468 1369 1548 Perdidisti
1383 1474 1483 1551 [upa
1503 1474 1575 1551 ω]

445 1603 575 1674 quoque
588 1583 623 1652 in
637 1581 700 1663 ista
713 1582 790 1669 rita,
804 1582 892 1671 quod
906 1583 1010 1673 maius
1023 1592 1084 1670 est,
1096 1592 1128 1652 et
1141 1583 1295 1672 animam,
1309 1581 1342 1650 id
1355 1592 1406 1660 cst
1418 1582 1577 1670 afflixisti,

376 1694 420 1764 lo
445 1717 513 1776 non
532 1697 679 1765 tribuens
697 1695 727 1764 ei
751 1716 849 1764 omne
866 1697 1062 1776 desiderium
1086 1717 1194 1772 suum·
1216 1694 1370 1780 tiramus
1392 1695 1479 1770 anim
1498 1695 1578 1785 quia

445 1816 578 1888 mactus
595 1808 650 1894 sit,
670 1817 793 1893 minen,
809 1806 887 1878 dum
905 1807 940 1876 in
959 1809 1021 1878 hoc
1033 1828 1166 1897 corpore
1180 1809 1308 1888 mortali
1322 1807 1448 1896 positus
1461 1807 1572 1894 luerit,

380 1982 400 1997 ,,
445 1925 486 2004 ad
503 1923 538 1999 id
555 1923 719 2000 interdum
737 1943 869 1992 necesse
887 1933 938 2000 est
957 1923 1039 1994 trahi
1061 1924 1147 2022 quod
1170 1923 1290 1995 saniori
1309 1923 1417 2004 cordis
1435 1922 1577 2002 consilia

445 2057 512 2123 pou
530 2036 613 2121 vult,
634 2035 761 2104 dicente
779 2036 925 2124 apostolo
943 2065 950 2104 ι
971 2035 1212 2124 «condelector
1231 2036 1294 2124 legi
1312 2035 1384 2122 pet,
1405 2035 1499 2112 video
1512 2053 1573 2116 tlt-

445 2162 511 2223 tem
530 2151 634 2238 legem
653 2149 687 2218 in
706 2149 860 2221 memhris
878 2149 960 2228 meis
978 2160 1212 2238 repugnantem
1231 2141 1294 2238 legi
1314 2149 1432 2224 mentis
1445 2169 1537 2234 meae,
1551 2175 1572 2210 s

375 2263 419 2332 15
445 2275 478 2334 et
496 2265 632 2354 reliqua.
649 2266 726 2334 ldeo
749 2265 783 2342 in
807 2265 869 2334 ista
893 2266 957 2335 rita
984 2266 1111 2341 mortali
1135 2275 1168 2334 et
1195 2266 1362 2340 tenebrosa
1390 2263 1572 2353 perdidisti,

445 2392 482 2449 ut
501 2379 567 2447 illic
584 2380 639 2448 ubi
657 2380 712 2447 lux
730 2390 843 2468 regnat
865 2389 898 2448 et
916 2379 982 2448 rita
1001 2389 1167 2468 permanet
1185 2379 1347 2450 invenires
1359 2379 1467 2465 illam,
1481 2377 1574 2448 siout

444 2493 592 2567 Salvator
610 2502 823 2582 preceperat:
852 2521 865 2556 l
888 2494 951 2577 Qui
975 2504 1061 2565 amat
1084 2493 1225 2563 animam
1249 2512 1342 2564 suam
1358 2492 1469 2580 perdat
1486 2511 1572 2577 cam,

443 2619 476 2680 ct
494 2609 549 2698 qui
570 2607 745 2697 perdiderit
762 2607 904 2678 animam
924 2627 1016 2678 suam
1036 2619 1164 2697 propter
1182 2629 1234 2677 me
1254 2609 1286 2677 in
1306 2609 1368 2676 lroo
1385 2604 1520 2690 mundo,
1536 2605 1572 2675 in

443 2721 543 2791 vitam
562 2731 716 2790 aeternam
737 2721 866 2789 habebit
890 2740 972 2790 earm
1000 2750 1013 2786 r
1036 2722 1137 2811 Igitur
1160 2743 1273 2798 omnes
1296 2721 1371 2789 vitae
1394 2730 1458 2790 tuae
1479 2729 1572 2786 actus

373 2832 419 2901 20
443 2835 570 2925 paginis
596 2855 662 2903 non
686 2847 823 2925 possunt
844 2835 1016 2922 contineri,
1042 2837 1099 2904 sed
1121 2837 1204 2924 apud
1231 2835 1408 2917 Christum,
1433 2833 1489 2922 qui
1515 2831 1572 2912 dat

444 2949 620 3037 unicuique
641 2949 823 3028 secundum
850 2951 954 3035 [pol.
978 2967 1035 3021 co
1057 2949 1110 3040 νο]
1134 2969 1230 3038 opera
1257 2967 1327 3033 sua,
1353 2958 1488 3036 possunt
1510 2966 1571 3022 alt·

403 3140 407 3147 .
442 3064 618 3141 numerari.
635 3063 715 3140 Nam
735 3084 862 3151 omnes,
883 3065 938 3152 qui
953 3066 1050 3135 modo
1068 3065 1166 3141 ritem
1187 3076 1218 3138 ct
1237 3074 1315 3133 tunc
1333 3063 1433 3138 etiam
1450 3073 1571 3132 morta-

442 3181 507 3260 lem
526 3179 662 3276 ducum,
683 3181 797 3248 marito
816 3181 991 3256 antecedis.
1008 3183 1099 3262 Ultra
1117 3181 1265 3250 omnium
1284 3199 1367 3269 pene
1385 3195 1571 3253 mensuram

442 3295 492 3362 rel
512 3296 611 3363 vitam
630 3295 814 3369 mortalium
833 3297 915 3385 agis.
930 3298 1041 3366 Latam
1060 3297 1203 3366 declinas
1223 3306 1256 3364 et
1274 3296 1451 3382 spaciosam
1471 3293 1569 3378 viam,

372 3401 417 3470 25
442 3429 514 3498 quae
547 3407 636 3476 ducit
667 3408 706 3478 ad
736 3408 915 3497 perditum3
944 3419 1115 3497 angustam
1144 3399 1382 3496 supergrederis
1409 3407 1568 3492 semitam,

442 3541 514 3611 quas
541 3521 631 3590 ducit
649 3520 691 3588 ad
708 3521 807 3593 vitam
828 3548 836 3590 ε
858 3543 924 3590 non
953 3532 989 3588 ut
1012 3543 1126 3590 omnes
1152 3543 1224 3611 quac
1247 3532 1282 3598 tu
1307 3520 1399 3606 sacis,
1423 3518 1569 3609 quamvis

442 3637 723 3723 excellentissima,
749 3638 795 3706 ita
818 3655 913 3726 agore
936 3658 1084 3727 cogerem
1109 3636 1165 3706 sed
1184 3637 1302 3726 quibus
1320 3637 1437 3722 virtus,
1458 3635 1485 3703 si
1505 3633 1569 3714 lieri

442 3760 566 3840 posset,
586 3769 605 3818 a
622 3753 689 3819 Deo
716 3751 790 3819 dala
813 3760 1008 3841 suppeteret,
1033 3750 1171 3829 multum
1195 3750 1369 3820 suadeant
1394 3750 1439 3834 ita
1461 3756 1567 3837 agini.

441 3865 526 3935 Nam
551 3885 611 3934 nec
637 3884 752 3933 omnes
776 3845 886 3932 omnia
914 3875 1164 3953 possuntagcrc
1187 3873 1318 3952 quaein
1342 3863 1438 3948 sacisp
1461 3859 1517 3940 sed
1540 3869 1571 3933 ct
1700 3845 1701 3854 ἵ

373 3976 417 4046 30
442 3979 499 4068 qui
519 3977 652 4056 minima
670 3988 702 4047 ct
727 3978 782 4066 qui
806 3977 945 4056 maxima
971 3987 1070 4066 agunt
1096 3977 1131 4044 iu
1156 3987 1188 4054 te
1211 3986 1328 4056 cuneta
1352 3973 1568 4063 conspiciunt,
1699 3965 1701 3972 ’

442 4105 476 4163 te
496 4101 658 4182 pastorem
684 4091 892 4170 devotissime
920 4101 987 4161 tota
1016 4092 1181 4172 uoluntates,
1209 4100 1393 4181 sequentes,
1424 4086 1570 4179 quamtis

371 4231 374 4239 ’
408 4289 411 4293 J
441 4229 510 4288 non
529 4208 574 4284 ita
591 4229 648 4296 per
665 4217 770 4276 toturn
790 4209 914 4295 operari
934 4218 1078 4295 possent.

486 4323 568 4399 Nam
592 4342 660 4399 non
686 4321 732 4391 ita
761 4321 818 4398 uni
845 4322 956 4392 omnia
985 4321 1071 4391 dona
1095 4339 1154 4403 sua
1185 4318 1332 4400 concedit
1355 4319 1455 4406 Deus,
1487 4316 1571 4386 sicut
