3459 5667
920 588 960 605 ...
986 550 1029 623 10
1050 587 1096 607 .-

441 725 487 743 ·-
505 689 641 760 fundum
660 689 821 779 quendam
836 692 1020 779 repperiens
1035 712 1102 792 oon
1117 711 1265 782 parvum,
1285 692 1344 763 sed
1366 693 1460 783 quasi
1474 694 1573 764 unius

442 806 544 896 plebis
581 806 765 891 modulum,
799 808 891 877 silvis
923 808 1098 899 dumisque
1135 810 1279 899 undique
1309 810 1572 898 circumseptum,
1670 812 1674 819 ’

442 921 538 990 modo
559 922 625 1012 Jam
648 922 688 989 ab
713 922 882 991 inventore
906 936 1141 1012 nuncupatum,
1169 924 1383 994 inundatione
1405 923 1573 1014 cujusdam

442 1035 530 1103 duvii
550 1036 604 1125 qui
625 1037 749 1124 proprie
768 1037 908 1126 Sanguis
927 1036 1046 1107 dicitur
1064 1038 1269 1127 locupletem,
1289 1039 1391 1109 fretus
1409 1058 1483 1109 cum
1502 1039 1572 1109 suis

392 1140 415 1210 5
441 1149 621 1219 inhabitare
639 1150 743 1238 caepit,
760 1150 828 1240 jam
846 1170 981 1221 securus
999 1169 1019 1221 a
1037 1152 1171 1221 morbis.

870 1535 1043 1610 CAPUT
1077 1535 1137 1609 111

545 1793 592 1863 De
610 1795 678 1860 aeti
697 1794 779 1861 tertii
797 1793 995 1877 exoptatione
1013 1801 1043 1859 et
1055 1795 1159 1877 petris
1179 1794 1310 1861 terribili
1326 1794 1456 1860 visione.

483 2044 604 2118 Eodem
633 2045 741 2136 itaque
767 2055 924 2136 tempore,
949 2054 1115 2117 crescente
1138 2046 1291 2137 paulatim
1317 2046 1478 2117 sociorum
1505 2069 1568 2119 nu-

438 2182 541 2248 mero,
561 2182 740 2253 magnaque
763 2183 870 2231 rerum
889 2164 981 2253 copia
1001 2164 1192 2248 inundante,
1213 2164 1344 2249 tercius,
1364 2174 1483 2233 sanctae
1501 2164 1568 2234 sor·

438 2297 524 2348 maur
544 2277 729 2366 exprimens
749 2297 948 2366 summaeque
966 2278 1145 2361 Trinitatis,
1166 2277 1264 2347 affore
1282 2290 1450 2369 exoptatur
1467 2278 1566 2364 tilius,

437 2393 528 2481 quasi
548 2392 682 2461 omnino
701 2411 833 2480 parvum
858 2402 945 2462 esset
967 2392 1047 2461 duos
1070 2403 1195 2461 tontum
1216 2392 1334 2462 habere
1354 2392 1449 2461 filios.
1471 2395 1569 2463 Beata

367 2506 410 2576 to
438 2525 514 2594 ergo
532 2505 660 2575 lamina
675 2518 819 2593 optatum
840 2505 872 2572 in
894 2516 984 2574 utero
999 2505 1116 2572 babere
1133 2524 1168 2572 se
1182 2504 1344 2593 persensit
1361 2516 1565 2593 conceptum.

436 2619 583 2703 Maritus,
596 2618 762 2707 pregnanti
778 2618 964 2707 adgaudens
974 2624 1072 2700 [unt.
1091 2624 1155 2699 aa]
1168 2617 1319 2702 femine,
1332 2636 1445 2707 magna
1460 2617 1567 2688 cordis

437 2733 601 2800 alacritate
620 2733 774 2822 tangitur,
790 2751 924 2819 sperans
943 2732 1091 2804 heredem
1112 2742 1185 2819 post
1204 2750 1240 2799 se
1259 2732 1414 2799 loturum.
1432 2732 1568 2821 Magnus

437 2843 505 2913 dies
524 2845 641 2913 natulis
663 2845 796 2913 infantis
819 2864 837 2913 a
861 2844 986 2914 cunctis
1009 2856 1156 2931 speratur
1180 2857 1345 2912 uenturus.
1367 2845 1469 2913 attuit
1491 2866 1567 2935 ergo

436 2958 505 3027 dies
524 2957 746 3044 desideranda,
764 2957 796 3026 in
815 2975 878 3047 qua
896 2957 973 3041 [lux]
990 2976 1063 3025 veru
1077 2956 1133 3024 diu
1148 2967 1290 3045 spectato
1308 2959 1491 3026 ostenditur
1510 2977 1566 3047 pa·

364 3072 408 3143 lli
435 3078 521 3161 triae,
538 3076 622 3160 dies,
638 3076 785 3164 inquom,
800 3096 873 3164 quae
887 3075 1014 3144 cunctis
1030 3074 1166 3145 lucidior
1179 3075 1293 3146 diebus
1306 3074 1448 3145 occiduis
1463 3074 1566 3164 potuit

435 3190 624 3260 Armoricis.
654 3188 758 3273 Quem
790 3188 935 3277 genitum
963 3208 1045 3277 puro
1073 3188 1206 3259 nomiae
1233 3190 1396 3279 appellant
1418 3188 1565 3259 Uuinua-

433 3305 556 3377 loeum.

478 3416 690 3491 beatissimus
720 3424 827 3484 numm
860 3414 980 3496 intans,
1004 3415 1098 3485 beata
1129 3424 1261 3504 parente
1296 3425 1407 3500 natus,
1436 3415 1565 3485 eadem·

433 3551 498 3625 que
518 3530 669 3603 nobiliter
690 3528 868 3603 secundum
892 3529 991 3599 seculi
1020 3529 1210 3617 dignitatern
1234 3529 1404 3612 educatus,
1429 3550 1504 3598 mon
1529 3536 1566 3596 nt

360 3641 406 3711 20
431 3647 521 3717 effari
539 3666 633 3717 orsus
651 3656 713 3731 est,
729 3644 770 3714 ad
789 3644 860 3729 Dei,
878 3646 958 3714 mira
976 3644 1171 3731 intentione,
1188 3644 1316 3715 taudem
1331 3656 1482 3716 assuetus
1499 3652 1562 3713 est.

431 3763 474 3835 Et
493 3771 529 3834 ut
545 3760 712 3851 aliquanto
731 3760 905 3831 tenerrima
924 3759 993 3849 eius
1011 3760 1157 3831 membra
1174 3760 1366 3845 crevissent,
1381 3770 1475 3828 aetate
1492 3756 1565 3848 qui·

429 3875 505 3949 dem
523 3874 598 3945 licet
616 3872 708 3944 ualde
726 3872 943 3958 inmaturiori,
959 3872 1087 3942 cuidam
1107 3882 1215 3944 temen
1235 3872 1317 3961 patri
1337 3870 1485 3961 spiritali,
1506 3868 1562 3963 qui

429 4007 524 4061 suam
542 3997 575 4059 et
592 3986 729 4060 aliorum
748 4005 861 4059 curare
879 3996 990 4077 posset
1008 3984 1164 4073 animam,
1184 3984 1312 4055 avidius
1325 3992 1424 4069 [nor.
1442 4000 1493 4053 aa
1510 3989 1562 4071 vo]

428 4102 533 4177 sacris
550 4100 762 4173 imbuendum
786 4102 966 4173 litterarum
992 4099 1110 4172 studiis
1137 4099 1318 4192 genitorem
1346 4118 1382 4168 se
1408 4096 1490 4166 tradi
1508 4117 1564 4167 ro·

359 4210 405 4281 25
428 4218 537 4309 gabat,
558 4225 731 4305 perpetuos
748 4215 835 4287 inter
857 4214 986 4289 caelibes
1009 4215 1164 4286 affectans
1189 4214 1306 4286 ducere
1326 4213 1473 4285 choreos.
1500 4206 1565 4282 sed

430 4342 521 4427 pater
545 4332 724 4415 beatissimi
742 4331 834 4424 pueri
853 4319 1010 4425 precibus
1030 4332 1192 4419 abnums,
1216 4351 1285 4404 rem
1311 4349 1441 4421 quoque
1465 4344 1565 4419 quana
