3459 5667
915 619 1089 692 ..52-

840 980 1016 1056 CAPUT
1047 980 1168 1056 XXII

655 1230 737 1298 Item
754 1232 791 1298 de
809 1239 949 1299 extremo
967 1233 1113 1315 magistri
1130 1231 1346 1298 valedicendo.

486 1502 499 1538 l
520 1475 606 1546 Satis
623 1474 722 1565 igitur
740 1477 800 1546 bac
818 1476 922 1546 nostri
942 1475 1231 1546 ammonitiuncula
1251 1474 1394 1546 contenti
1419 1476 1461 1564 (et
1478 1471 1563 1564 quod
1692 1525 1693 1528 ,

436 1614 564 1682 semper
577 1597 664 1666 Deus
677 1616 734 1683 per
747 1608 959 1684 augmentum
974 1597 1006 1664 in
1023 1597 1175 1666 cordibus
1192 1597 1308 1669 uestris
1327 1591 1478 1683 plantetll
1497 1595 1563 1663 Deo

431 1727 493 1794 ‚per
511 1728 641 1776 omnem
660 1728 758 1797 quam
777 1709 853 1778 ituri
878 1710 950 1778 sitis
968 1709 1054 1779 uiam
1073 1708 1211 1779 ducente
1232 1719 1329 1798 atque
1353 1729 1410 1796 per
1433 1729 1563 1778 ornnem

435 1842 532 1912 quem
560 1824 717 1910 coeperitis
746 1823 853 1892 locum
883 1833 1080 1914 protegente,
1111 1824 1246 1894 inaltatc
1274 1823 1379 1893 crucis
1407 1820 1562 1912 signaculi

386 1934 411 2004 b
435 1934 553 2004 vexillo
572 1945 669 2024 atque
687 1955 727 2004 ex
745 1947 857 2004 nostro
876 1936 976 2005 firmae
995 1937 1082 2025 pacis
1096 1936 1208 2006 osculo
1228 1934 1417 2024 sigillato,d
1438 1935 1563 2004 Christo

436 2049 515 2118 socii
534 2048 632 2116 michi
650 2069 780 2138 quoque
798 2049 973 2133 karissimi,
994 2051 1126 2140 pergite.
1144 2050 1171 2118 Ο
1191 2060 1316 2142 tanturn
1336 2048 1414 2136 mei,
1435 2047 1562 2138 quando

436 2182 510 2231 cum
542 2161 669 2231 Christo
700 2181 834 2251 regnare
865 2163 1026 2252 ceperitis,
1055 2163 1286 2233 recordamini!
1314 2161 1378 2232 Sed
1405 2182 1465 2252 ego
1496 2183 1561 2232 non

436 2275 541 2362 aliter,
570 2275 598 2343 si
626 2276 715 2363 prius
742 2276 888 2345 sublatus
916 2278 1018 2364 luero,
1049 2297 1115 2346 non
1143 2296 1198 2346 ero
1226 2276 1397 2345 immemor
1423 2275 1519 2344 vestri
1550 2301 1558 2342 ι

437 2397 600 2475 prestante
627 2394 724 2470 [nol.
746 2406 803 2459 oc
821 2395 870 2472 m]
901 2389 1041 2458 Domino
1069 2400 1181 2458 nostro
1207 2389 1307 2458 Jbesu
1336 2387 1475 2477 Christo,
1506 2386 1560 2476 qui

366 2499 410 2570 tc
437 2519 510 2568 cum
529 2503 622 2570 Patre
640 2511 673 2570 et
692 2502 813 2591 Spiritu
838 2504 958 2573 Sancto
980 2503 1060 2573 vivit
1077 2511 1110 2573 et
1130 2511 1244 2594 regnat
1267 2504 1353 2573 Deus
1372 2521 1429 2592 per
1447 2511 1562 2572 cuncta

436 2615 619 2687 seculorum
638 2618 758 2688 secula.
778 2620 896 2689 Amen.
922 2647 937 2682 »

796 2877 939 2964 Emptieit
957 2878 1049 2948 Liber
1061 2880 1198 2964 primus.

495 3207 659 3316 ¹lucram
684 3225 853 3290 mussan
880 3225 1083 3290 concerno
1110 3225 1183 3290 uun
1211 3223 1484 3302 sunsnounnrrs

894 3343 1097 3424 Pnnrrrm.

396 3652 400 3660 ·
476 3606 642 3676 Hactenus
657 3604 692 3675 in
711 3606 775 3676 isto
793 3605 903 3678 libello
918 3623 1019 3696 panca
1037 3605 1077 3676 de
1091 3604 1240 3696 plurimis
1259 3626 1331 3697 quae
1349 3605 1383 3674 in
1409 3603 1557 3676 teneriori

432 3721 564 3810 quidem
587 3729 681 3789 aetate
703 3722 860 3810 peregerit
883 3721 999 3810 signis,
1020 3721 1088 3790 sive
1110 3741 1150 3789 ex
1174 3720 1318 3810 antiquis
1337 3720 1558 3810 recolligentes

431 3835 571 3924 scriptis,
591 3836 660 3905 siue
678 3857 717 3905 ex
735 3836 894 3926 majorum
909 3837 1065 3906 relatione
1084 3835 1327 3923 venerabilium,
1344 3827 1558 3904 dictis'eluci2

361 3954 406 4027 lb
431 3950 508 4021 dare
529 3962 625 4041 prout
643 3954 808 4041 potuimus
833 3953 1029 4024 curavimus.
1050 3955 1127 4022 Haec
1153 3964 1261 4022 autem
1284 3973 1356 4042 quae
1379 3952 1419 4022 de
1441 3953 1558 4022 beatis-

430 4067 523 4138 simis
549 4068 695 4155 ejusdem
723 4069 862 4154 actibus,
887 4089 971 4158 quos
994 4071 1062 4158 jam
1086 4069 1249 4138 robustior
1270 4079 1364 4138 aetate
1389 4079 1421 4138 et
1445 4067 1558 4136 merito

430 4181 610 4269 perfecerit,
630 4201 648 4250 a
673 4182 756 4251 bene
779 4183 956 4252 scientibus
980 4183 1155 4270 discentes,
1176 4184 1244 4252 sive
1267 4203 1306 4252 er
1329 4183 1469 4271 scriptis,
1491 4180 1558 4250 siue

429 4300 532 4368 relatu
553 4301 798 4390 cognoscimus,
818 4302 891 4372 aliis
914 4304 1018 4372 adbuc
1036 4323 1101 4373 non
1126 4303 1221 4392 plane
1245 4302 1420 4371 scientibus
1440 4302 1558 4388 depro-

428 4433 528 4506 mere,
545 4426 641 4506 prout
658 4416 727 4507 ipse
744 4417 905 4488 Dominus
922 4427 1032 4490 noster
1050 4417 1168 4489 ihesus
1182 4417 1331 4490 Christus
1349 4414 1555 4502 concesserit,
