3459 5667
958 603 1151 674 ...130-

498 739 655 810 voluntati
683 741 781 811 sacris
807 740 909 811 imbui
939 743 1082 834 rogantis
1112 739 1239 832 paginis
1265 760 1424 811 rennuere
1450 741 1605 832 cepisset,

497 852 607 925 divino
625 856 756 927 territus
775 858 908 947 tonitru,
924 858 1006 930 duos
1023 878 1096 930 curn
1114 879 1152 929 eo
1169 857 1204 926 in
1221 857 1279 928 Dei
1297 857 1428 928 seruitio
1445 857 1606 927 immolare

497 990 576 1043 suos
596 984 725 1046 coactus
743 986 791 1045 est
809 974 918 1072 filios..

919 1289 921 1310 '
956 1299 1057 1366 Lectio
1079 1296 1147 1364 ΙΙΙ.

505 1542 508 1547 ’
537 1543 604 1614 Nee
620 1561 722 1632 mora,
742 1553 855 1614 octauo
872 1542 925 1613 die
943 1542 982 1613 ad
1000 1552 1146 1614 sanctum
1164 1541 1315 1612 iterantes
1332 1539 1511 1628 Budocum‚
1526 1550 1605 1612 tenr-

448 1661 470 1729 ὅ
493 1660 672 1751 pestatibus
689 1660 803 1730 minari
823 1660 882 1730 nisi
906 1670 983 1730 sunt
1004 1659 1189 1749 horrendis3
1214 1659 1271 1730 sed
1295 1679 1381 1740 mox,
1404 1658 1462 1728 Dei
1485 1658 1606 1728 afflatus

494 1775 622 1865 spiritu,
647 1785 769 1865 patrem
791 1796 887 1847 sunm
909 1796 1016 1846 rernm
1039 1775 1176 1866 pleniter
1197 1772 1376 1844 evenientia
1396 1778 1491 1856 [uel.
1514 1777 1606 1854 ιιι]

494 1887 645 1979 edocens,
665 1903 780 1962 cuncta
798 1892 895 1983 hujus
911 1892 1054 1964 horroris
1071 1910 1196 1964 cessare
1215 1891 1288 1961 iecit
1312 1892 1513 1960 fantasmata.
1533 1889 1608 1958 Haee

494 2023 633 2096 namque
646 2007 747 2096 prima
760 2008 835 2078 huic
848 2020 940 2077 erant
952 2016 1192 2098 temptamenta,
1207 2005 1353 2096 pluribus
1369 2026 1437 2077 aeuo
1455 2012 1608 2094 sequente

493 2121 724 2194 subsecuturis.
746 2125 829 2194 Huic
847 2145 924 2215 ergo
942 2135 1052 2196 sancto
1071 2124 1224 2215 predicto,
1244 2143 1316 2193 cum
1341 2121 1437 2192 delati
1457 2121 1605 2206 inissent,

424 2240 468 2309 {0
493 2248 624 2308 cunctas
646 2239 779 2329 hujusce
804 2260 908 2310 causae
934 2252 1024 2331 pater
1050 2240 1121 2331 ejus
1147 2239 1256 2310 retulit
1282 2237 1433 2309 rationes.
1463 2238 1506 2307 At
1533 2255 1606 2305 cnnn

492 2352 554 2422 sihi
571 2353 658 2422 hunc
676 2352 821 2424 aduocari
842 2355 990 2444 iussisset
1007 2364 1039 2425 et
1056 2353 1155 2443 patris
1173 2354 1308 2424 libenter
1326 2371 1479 2443 responsa
1496 2351 1605 2422 andis·

490 2478 553 2553 set,
572 2468 726 2558 uultuque
742 2467 907 2555 decorum,
927 2469 1098 2557 laetumque
1120 2479 1263 2558 aspectu,
1286 2468 1441 2538 humilem
1460 2485 1498 2536 ac
1514 2487 1604 2537 uere-

490 2580 632 2651 cundum
652 2583 865 2670 cognovisset,
887 2602 996 2652 secum
1015 2583 1076 2652 sibi
1095 2583 1186 2672 quasi
1209 2583 1310 2652 filium
1333 2601 1461 2652 manere
1478 2581 1605 2670 maluit,

490 2700 662 2790 statimque
683 2720 721 2771 ea
742 2701 795 2771 die
818 2722 884 2772 non
908 2701 1033 2792 tepidus
1057 2713 1187 2773 cunctas
1210 2702 1316 2772 latinae
1340 2702 1458 2792 linguae
1479 2698 1606 2770 didiscit

423 2812 465 2882 15
490 2814 625 2906 litteras,
646 2827 829 2890 sanctarum
846 2819 976 2890 tuturus
994 2817 1122 2890 bibulus
1140 2817 1385 2908 seripturarum.

943 3142 1042 3212 Lectio
1064 3141 1150 3212 1111.

531 3397 597 3470 Sed
619 3415 685 3466 non
706 3403 781 3484 post
805 3393 943 3464 multum
966 3402 1105 3483 tempus,
1130 3391 1207 3462 durn
1230 3389 1380 3480 magister
1404 3387 1474 3480 eius
1501 3409 1604 3480 quen·

487 3513 560 3583 dam
588 3509 700 3582 orandi
728 3510 829 3600 gratia
855 3509 959 3579 adiret
985 3510 1103 3599 locum,
1130 3507 1210 3576 tone
1234 3504 1349 3575 accidit
1374 3514 1409 3572 ut
1435 3503 1605 3594 cujusdam

487 3647 670 3716 puerorum,
694 3625 770 3694 dum
794 3623 882 3693 senis
904 3623 1090 3692 mandatum
1114 3629 1336 3709 contemnunt,
1358 3619 1460 3688 cruris
1483 3618 1606 3688 eliran-

486 3753 636 3833 gerentur
657 3741 753 3809 tibiae.
775 3741 816 3809 Et
834 3741 896 3808 hoc
918 3759 982 3808 non
1007 3738 1077 3808 sinc
1098 3736 1155 3806 Dei
1180 3747 1262 3805 nutu
1285 3746 1390 3804 actum
1410 3754 1482 3804 esse
1500 3733 1606 3803 senti·

416 3863 461 3931 20
486 3880 570 3941 mus,
593 3858 708 3948 quippe
730 3855 805 3946 quia
829 3855 931 3924 sancti
954 3851 1276 3922 Winualoei·merita
1297 3859 1514 3940 opportunum
1534 3848 1605 3938 jann

485 3985 563 4042 tunc
579 3983 647 4042 erat
664 3971 825 4060 explicari,
841 3981 877 4038 ut
895 3969 990 4039 etium
1005 3966 1104 4060 [unt.
1129 3983 1207 4036 m
1230 3963 1282 4056 νο]
1300 3987 1354 4054 pen
1368 3966 1429 4034 hoc
1443 3963 1603 4054 quodam-

484 4087 580 4157 modo
598 4087 632 4154 in
650 4085 754 4176 primo
772 4085 841 4176 ejus
859 4083 1080 4156 ostenderetur
1097 4082 1189 4172 signo
1208 4080 1321 4151 virtus.
1339 4081 1476 4150 Sanctus
1494 4078 1604 4167 itaque

483 4202 716 4287 Uuinualoens,
735 4220 809 4270 curn
835 4199 868 4269 in
891 4198 998 4298 medio
1021 4199 1154 4267 iratrunn
1177 4205 1262 4266 coetu
1285 4195 1477 4265 merentium
1505 4191 1603 4262 adre-

484 4316 596 4405 nisset‚
625 4337 699 4386 enm
726 4316 786 4385 sub
811 4315 916 4386 oculis
945 4312 1088 4384 omnium'
1115 4310 1171 4404 qui
1198 4311 1346 4399 aderaut,
1375 4309 1469 4404 signo
1497 4307 1602 4379 erucis

414 4435 458 4506 25
481 4443 601 4523 erecto,
621 4431 765 4521 pristinae
783 4429 923 4502 reddidit
941 4428 1048 4502 saluti.
