3459 5667
643 601 822 671 ..45..

50 760 53 767 ·
160 738 304 827 adesset,
331 737 479 809 revivisci
508 748 541 809 et
568 740 630 810 iste
655 741 785 831 quidem
810 738 966 829 puerulus
989 738 1158 827 potuisset.
1179 736 1297 805 Nonne

64 934 71 942 ⁸
160 855 282 923 etenim
303 854 358 942 qui
385 875 469 923 caeco
499 854 604 925 visum
630 868 662 925 et
690 856 845 925 fraudatae
873 855 997 924 lumine
1019 853 1159 922 eundem
1178 851 1294 921 reverti

45 992 54 1035 .·
159 968 293 1035 oculum
312 979 406 1036 antea
425 980 565 1057 raptum,
588 980 620 1039 et
643 971 836 1039 moribundo
856 969 1054 1058 jamjamque
1078 986 1204 1036 veneno
1224 986 1295 1033 ser-

158 1080 269 1167 pentis
297 1092 464 1168 grassante
493 1101 603 1151 curam
632 1083 784 1151 adbibere
811 1082 924 1168 valuit,
956 1088 1080 1170 posset,
1105 1079 1133 1146 si
1161 1097 1295 1167 presens

157 1195 376 1283 invocaretur,
398 1197 502 1265 facere
522 1207 607 1266 utet
627 1198 679 1266 bic
703 1218 831 1288 quoque
854 1206 1004 1265 mortuus
1029 1195 1293 1264 resuscitaretur?
1341 1195 1364 1263 5

155 1310 232 1379 Non
252 1312 339 1379 enim
358 1311 467 1381 minus
487 1312 548 1381 ista
568 1332 663 1413 agere
681 1332 776 1402 quarn
796 1325 959 1382 mortuum
979 1312 1147 1381 suscitare.
1172 1339 1187 1371 »

206 1428 354 1497 Ceterum
370 1429 447 1497 dum
461 1431 530 1499 baec
548 1429 749 1517 dicebantur,
766 1432 832 1498 Deo
848 1439 975 1519 agente,
993 1428 1077 1517 (plus
1096 1428 1184 1496 enim
1199 1426 1293 1494 illum

14 1540 22 1565 ⁸
50 1549 63 1642 ζ
155 1545 299 1615 tribuere
319 1566 416 1635 quarn
437 1559 568 1637 rogatur
588 1550 685 1617 etiarn
705 1558 737 1617 et
755 1566 816 1616 nos
834 1547 951 1636 ingrati
971 1567 1029 1636 pro
1047 1556 1134 1615 certo
1156 1544 1290 1628 scimus,

154 1670 191 1728 et
216 1680 253 1729 ea
283 1683 367 1751 saepe
395 1664 571 1733 concedere
598 1685 670 1753 quae
696 1685 757 1733 nec
784 1686 839 1733 cor
864 1674 1012 1732 nostrum
1037 1662 1171 1731 infidum
1195 1661 1291 1729 audet

30 1750 63 1797 π’
152 1772 256 1860 [Ful.
278 1792 331 1845 52
356 1782 404 1858 νο]
427 1778 599 1865 postulare)
629 1788 762 1847 sanctus
789 1778 822 1845 in
843 1798 976 1865 presens
998 1776 1089 1845 visus
1110 1786 1160 1844 est
1178 1775 1290 1843 adesse
1317 1775 1360 1843 lo

35 1870 57 1917 ²³
152 1888 391 1957 Uniuualoens.
421 1891 483 1972 Qui
512 1912 599 1978 mox,
629 1891 743 1960 videns
771 1892 880 1959 vultus
911 1891 1040 1959 illorum
1073 1888 1289 1958 mestissimos

38 2003 61 2033 ·'
152 2000 227 2087 (sed
250 2002 304 2067 ubi
328 2003 419 2071 visus
443 2014 505 2089 est,
532 2014 667 2074 cunctos
695 2026 813 2091 meror,
839 2005 957 2093 spebus
984 2004 1130 2089 intentis,
1159 2001 1287 2090 refugit)

151 2113 321 2203 nichilque
352 2116 566 2206 interrogans,
599 2119 717 2207 quippe
748 2118 858 2187 omnia
887 2119 994 2187 sciens
1027 2144 1035 2187 :
1071 2145 1087 2179 α
1121 2115 1285 2200 Recedite,

14 2226 19 2241 '
39 2230 49 2258 ¹
151 2225 274 2315 inquit,
294 2248 360 2295 nou
380 2238 429 2297 est
447 2241 596 2298 mortuus
615 2252 695 2318 puer
714 2232 771 2299 sed
790 2250 864 2320 eger
879 2232 976 2319 jacet.
997 2259 1011 2291 >s
1032 2229 1084 2298 Illi
1103 2238 1211 2297 autern
1231 2227 1286 2316 qui

151 2349 251 2408 antea
274 2340 414 2409 inaniter
438 2344 613 2412 tumultose
635 2344 835 2412 fluctuabant
858 2343 978 2433 frigidi,
999 2362 1180 2431 exsangues
1204 2361 1286 2430 pene
1315 2344 1358 2411 15

150 2452 273 2541 effecti,
302 2454 489 2543 ignorantes
520 2456 598 2544 quid
631 2476 725 2545 agere
758 2457 924 2543 deberent,
955 2456 1057 2544 primo
1089 2454 1286 2522 sanctissimi

45 2572 63 2617 :.
149 2564 214 2635 viri
234 2578 363 2654 aspectu
387 2567 456 2657 jam
483 2568 523 2637 ad
547 2570 709 2639 modicum
733 2570 842 2639 animo
868 2569 995 2655 elevati,
1022 2578 1054 2637 et
1073 2569 1134 2636 boc
1157 2588 1286 2657 quoque

148 2680 240 2750 dicto
267 2683 306 2749 ab
334 2684 405 2772 ejus
433 2705 488 2753 ore
510 2685 619 2754 audito
643 2686 747 2775 magis
773 2685 940 2774 magisque
963 2684 1100 2753 calefieri
1124 2682 1284 2770 incipiunt

34 2808 56 2857 ι’
148 2806 187 2863 et
205 2798 390 2885 confortari,
411 2800 611 2869 credentesa
630 2802 695 2869 Deo
715 2801 852 2869 missurn
873 2820 956 2886 esse,
978 2796 1062 2866 sicut
1079 2797 1120 2865 de
1138 2796 1282 2888 ejusdem

148 2926 264 2977 sorore
282 2921 389 2979 actum
409 2912 536 2999 luisset,
557 2912 597 2980 ad
621 2913 683 2981 hoc
702 2912 788 3001 quod
812 2911 1010 2981 confidentes
1028 2908 1167 2978 eundern
1187 2928 1283 2997 posse
1310 2920 1355 2989 20

14 3044 52 3093 t:
146 3032 295 3111 prestare
321 3025 477 3113 rogabant
504 3026 677 3115 agendum.
703 3026 784 3094 Nam
808 3025 914 3112 illum,
940 3025 1007 3092 Deo
1035 3033 1199 3111 operante,
1224 3040 1283 3089 au-

146 3137 276 3206 dierant
303 3149 335 3206 et
363 3139 509 3208 viderant
528 3140 643 3210 fecisse
662 3141 808 3209 virtutes.
831 3140 895 3209 Sed
919 3160 985 3207 non
1010 3138 1128 3223 frustra
1153 3136 1279 3223 contisi,

35 3295 64 3332 ·¹
146 3257 248 3334 [Fut.
274 3259 341 3335 5³]
363 3263 551 3321 meruerunt
569 3274 699 3323 cernere
718 3253 784 3321 laeti
808 3252 896 3343 quod
914 3253 971 3321 diu
989 3252 1099 3320 tristes
1117 3250 1281 3320 desidera·

34 3347 65 3443 εἰ
144 3368 228 3435 bant
245 3377 278 3437 et
295 3370 478 3457 sperabant.
498 3369 568 3438 Illis
587 3371 675 3440 enirn
694 3371 843 3439 recedere
862 3370 1026 3459 pusillumv
1039 3367 1141 3456 jussis
1160 3377 1192 3435 et
1210 3366 1280 3457 glo-

35 3511 64 3559 ,t
144 3480 225 3547 burn
245 3480 279 3549 in
304 3481 439 3550 circuitu
464 3484 505 3551 ad
528 3483 704 3552 videndum
728 3483 805 3572 quid
828 3493 937 3572 ageret
964 3481 1168 3567 facientibus,
1191 3499 1278 3567 mox,
1307 3490 1352 3559 25

14 3628 54 3688 Ρ.)
143 3602 186 3663 ut
211 3594 307 3663 fidem
335 3596 464 3665 illorum
488 3598 746 3667 ardentissimam
771 3597 908 3686 aspexit,
930 3597 1095 3665 dexteram
1121 3594 1279 3663 exanimis

14 3743 54 3813 .·‘
143 3706 290 3776 defuncti
304 3711 580 3797 comprehendens
597 3741 606 3779 ι
625 3738 640 3773 c
657 3710 829 3798 Dominus,
845 3710 966 3799 inquit,
979 3710 1097 3778 Jbesus
1111 3707 1274 3795 Christus,

44 3882 54 3906 ‚
143 3823 204 3911 qui
222 3834 254 3893 te
271 3846 346 3893 cum
365 3846 430 3894 non
451 3846 522 3897 eras
542 3827 713 3916 plasmavit
731 3837 763 3897 et
782 3845 911 3895 carnem
930 3846 1064 3894 sumens
1088 3846 1127 3894 ex
1146 3823 1279 3912 Virgine

141 3936 350 4007 immaculata
370 3940 435 4028 pati
461 3961 519 4028 pro
546 3950 577 4009 te
604 3962 671 4009 non
696 3940 866 4027 dubitavit,
887 3940 1056 4009 resuscitet
1079 3950 1111 4009 te
1132 3965 1140 4007 ε
1162 3938 1227 4027 cui,
1249 3938 1278 4007 si

41 4135 46 4143 ⁶
142 4048 230 4121 sicut
248 4063 372 4139 oportet
398 4064 539 4142 petatur,
559 4056 659 4124 nichil
682 4055 882 4145 impossibile
900 4064 961 4124 est.
986 4083 999 4117 u
1022 4056 1066 4123 dt
1093 4064 1171 4123 tunc
1198 4073 1277 4141 puer
1304 4058 1348 4126 30

14 4149 32 4167 ”
49 4197 70 4270 3·
141 4164 202 4253 qui
234 4177 381 4235 mortuus
413 4168 530 4255 fuerat,
564 4168 657 4258 quasi
691 4168 731 4237 de
762 4168 902 4259 quodam
936 4168 1126 4257 gravissimo
1160 4187 1276 4235 somno

123 4263 315 4369 excitatus,
344 4283 453 4353 statim
482 4285 633 4371 surrexit,
663 4294 760 4375 atque
788 4284 907 4354 exinde
934 4306 1007 4353 cum
1040 4284 1111 4353 suis
1142 4283 1276 4352 domurn

18 4450 51 4488 ¹.
140 4395 377 4488 remeantibus,
406 4398 581 4489 gratiarum
601 4399 668 4503 Deo
692 4407 724 4469 et
748 4409 861 4470 sancto
886 4398 1089 4485 Uuinualoeo
1115 4396 1276 4467 actionem
