3459 5667
659 646 835 718 ..51-

179 782 220 853 de
238 802 336 853 sacrae
355 781 528 871 Scripturae
542 781 663 854 scrinio
678 795 734 854 aut
752 784 792 855 de
807 795 993 855 sanctornm
1007 793 1135 875 patrum
1152 784 1309 873 exemplis

178 897 230 965 uel
244 896 385 984 seriptis,
399 897 454 985 qui
469 916 615 966 normam
629 898 703 966 uitae
718 898 906 967 rectissimae
919 898 1094 984 duxeruut,
1109 900 1307 968 haurientes.

179 1009 244 1079 Sed
268 1010 295 1078 si
320 1011 520 1079 mendatium
544 1011 673 1081 illorum
696 1031 715 1081 a
736 1011 1004 1102 probabilioribus
1028 1012 1185 1082 intentius
1203 1011 1311 1081 discu-

178 1124 291 1209 tiatur,
312 1124 359 1191 illi
379 1125 447 1213 lupi
466 1124 526 1193 sub
545 1126 641 1195 ovina
659 1126 742 1215 pelle
770 1127 920 1214 latentes,
942 1146 978 1195 se
1001 1126 1095 1215 quasi
1113 1125 1308 1213 humillime,

178 1234 278 1304 immo
304 1237 509 1307 fallacissime
536 1239 727 1325 defendunt,
752 1240 802 1307 rel
829 1240 922 1329 quasi
946 1239 1145 1328 scorpiones,
1171 1259 1310 1330 quorum
1361 1236 1384 1307 5

177 1370 251 1419 mos
266 1361 316 1419 est
330 1361 377 1438 ut,
393 1351 472 1420 dum
490 1352 677 1441 palpitando
695 1374 750 1422 ore
769 1354 996 1440 blandiuntur,
1011 1353 1113 1423 cauda
1127 1352 1192 1421 cito
1211 1373 1312 1421 uene·

177 1482 259 1532 uosa
278 1464 449 1553 perimant.
470 1466 527 1535 lsti
552 1476 661 1535 autem
681 1468 775 1559 quasi
794 1488 850 1537 ore
868 1467 1044 1555 palpitant;
1064 1467 1142 1535 dum
1167 1466 1207 1536 ad
1226 1464 1312 1535 male

178 1577 341 1667 agendum
360 1579 508 1667 suadent,
532 1580 625 1669 quasi
644 1581 746 1649 cauda
765 1580 953 1671 percutiunt
975 1610 982 1651 :
1004 1580 1093 1670 quia,
1113 1579 1191 1649 dum
1215 1580 1312 1649 corda

177 1690 313 1759 fratrum
333 1693 528 1781 simplicium
546 1715 748 1785 quorumque
766 1716 877 1765 secum
897 1694 1014 1783 pariter
1033 1693 1074 1763 ad
1092 1693 1215 1762 inferos
1238 1712 1313 1782 per-

178 1807 313 1875 trabunt
332 1808 458 1895 (borum
481 1810 574 1879 malae
598 1810 815 1900 suggestionis
833 1819 1021 1901 perpetratae
1043 1809 1227 1895 retributio,
1247 1805 1313 1876 nisi
1341 1810 1386 1881 10

180 1922 300 2012 legima
327 1926 503 1996 satisfactio
527 1929 700 1999 subsecuta
719 1928 827 2013 fuerit,
848 1947 940 2019 paena
962 1939 1010 1998 est
1029 1926 1248 2015 sempiterna),
1277 1945 1313 1994 se
1344 1970 1347 1974 «

136 2130 138 2133 ¹
177 2036 300 2107 uidisse
327 2038 396 2107 haec
423 2039 535 2108 dicunt
562 2040 607 2109 ita
635 2059 787 2111 concessa
816 2041 885 2109 lieri
917 2042 950 2109 in
979 2039 1185 2110 monasteriis
1216 2039 1314 2127 louge

178 2151 305 2240 positis,
338 2160 434 2235 [nol.
459 2173 514 2226 so
533 2162 582 2239 νο]
616 2156 671 2225 ubi
699 2156 787 2225 falsae
812 2177 925 2225 eorum
947 2155 1098 2225 dictionis
1119 2174 1186 2223 non
1210 2152 1313 2242 possit

178 2275 405 2353 argumentum
424 2266 464 2336 ab
478 2268 679 2337 auditoribus
693 2270 833 2358 probari,
849 2270 890 2338 ad
904 2291 977 2359 quae
990 2268 1086 2360 louge
1101 2268 1312 2356 transmigra·

178 2388 295 2446 uerunt
314 2379 364 2447 uel
384 2380 611 2450 habitaverunt
629 2382 663 2451 iu
684 2381 759 2451 illis.
777 2384 901 2452 Horum
920 2403 1009 2473 ergo,
1029 2392 1065 2450 ut
1082 2379 1309 2471 probaveritis,
1341 2380 1385 2451 lb

179 2491 318 2563 devitate
338 2499 513 2585 consortia,
529 2507 585 2567 aut
599 2498 685 2584 loeo,
704 2498 732 2567 si
752 2498 820 2567 fieri
835 2509 954 2588 potest,
974 2507 1030 2568 aut
1049 2497 1310 2585 conversatione,

180 2616 353 2697 utrumque
379 2610 480 2697 euim,
506 2611 539 2679 id
563 2621 613 2681 est
635 2622 666 2680 et
690 2612 762 2681 loco
785 2622 817 2682 el
839 2614 1097 2698 conversatione,
1118 2612 1219 2681 uitare
1238 2611 1312 2683 illos

179 2722 317 2790 multum
344 2724 483 2813 prolicit,
515 2727 685 2815 quianon
714 2728 820 2796 solum
852 2748 918 2796 uon
950 2727 1099 2796 edificant
1127 2727 1184 2795 sed
1214 2726 1313 2795 etiam

179 2836 319 2904 multum
337 2836 520 2906 destruunt.
541 2841 665 2909 Horum
684 2850 792 2910 autem
811 2841 986 2912 versutiam
1004 2862 1044 2910 ex
1062 2841 1124 2909 boc
1143 2840 1312 2909 dinoscere

179 2950 336 3039 poteritis,
364 2952 451 3040 quod
474 2952 585 3023 nullus
613 2974 725 3024 eorum
751 2955 828 3024 boni
851 2957 958 3045 operis
980 2955 1150 3045 exequitur
1173 2956 1309 3043 fructus,
1338 2951 1384 3022 20
1505 3052 1511 3063 .

178 3064 242 3134 nisi
261 3075 387 3134 tautum
406 3088 462 3155 per
480 3067 677 3157 hypocrisin,
694 3079 726 3138 et
745 3070 806 3138 hoc
824 3069 932 3158 ipsum
945 3089 1011 3138 non
1031 3068 1236 3159 incognitum
1254 3067 1312 3137 diu

178 3178 382 3267 peritissimis
408 3182 480 3250 erit.
502 3184 572 3251 Hoc
599 3193 649 3253 est
675 3184 763 3252 enim
793 3194 825 3253 et
854 3183 952 3273 hujus
974 3194 1216 3272 argumentum,
1235 3182 1312 3272 quia

179 3310 245 3358 nou
269 3289 355 3359 idern
380 3301 483 3362 status
506 3293 601 3384 longe
623 3297 823 3384 permanebit
851 3295 910 3366 sed
930 3318 987 3386 per
1012 3299 1142 3388 singula
1165 3305 1312 3387 tempora

179 3404 372 3473 movebitur.
392 3406 474 3473 Nam
494 3407 556 3475 hoc
573 3426 646 3477 esse
668 3408 906 3499 hypocritarum
925 3431 1007 3499 opus
1025 3421 1154 3481 constat
1171 3412 1311 3481 multum

179 3516 320 3604 incipere
338 3526 370 3586 et
387 3517 610 3607 imperfectum
634 3522 699 3592 cito
722 3523 916 3615 relinquere.
937 3524 1032 3608 Quod
1054 3536 1164 3595 autem
1187 3526 1310 3596 sanctis
1337 3531 1383 3602 23
1409 3524 1415 3531 ’

175 3622 263 3700 bene
300 3632 470 3701 suffultum
507 3644 635 3723 patruun
671 3639 898 3708 autoritatibus
936 3646 1048 3723 [unu
1065 3636 1134 3725 oo]
1166 3641 1310 3711 videritis

180 3762 247 3815 nou
266 3746 452 3837 discrepari,
473 3749 554 3819 illud
575 3772 642 3823 non
666 3756 834 3824 rennuatis
857 3755 1012 3844 accipere,
1034 3757 1091 3827 sed
1109 3756 1211 3847 (prius
1227 3757 1310 3827 bene

173 3862 397 3952 considerato,
417 3866 557 3956 nequid
578 3888 646 3938 non
670 3891 744 3939 cum
767 3870 905 3941 consilio
927 3872 1112 3941 discussum
1133 3872 1249 3961 agatis,
1268 3892 1311 3941 ne

181 3985 351 4065 postquam
378 3978 498 4048 facturn
522 3981 620 4051 fuerit
643 3984 795 4072 paeniteat
820 3986 889 4075 vos)
916 4003 983 4054 non
1009 3986 1118 4056 solum
1142 4006 1217 4055 curn
1242 3988 1310 4056 Deo

180 4089 356 4179 graiarum
379 4092 508 4165 actione
532 4096 729 4187 suscipiatis,
756 4098 913 4170 sedeam
938 4100 1122 4171 bunillima
1148 4100 1310 4191 supplica·
1337 4102 1382 4174 30

180 4206 269 4277 tione
288 4208 416 4297 pomis.
442 4236 456 4273 u
