3459 5667
270 1008 471 1090 ITEM
528 1029 810 1090 INCIPIT
866 1030 965 1089 DE
1019 1028 1723 1090 RECAPITULATIONE
1788 1027 2213 1088 EORUMDEM
2269 1027 2536 1088 LIBRO-

348 1145 544 1223 'RUM
607 1162 924 1221 TERTIUS
987 1160 1233 1236 LIBER,
1296 1162 1435 1221 PER
1502 1161 1894 1221 HEROIGUM
1959 1161 2282 1221 METRUM
2337 1161 2536 1220 COM-

381 1296 710 1356 POSITUS.

356 1532 412 1600 I.
455 1534 549 1601 De
586 1531 919 1601 nobilitate
966 1532 1337 1601 Britanniae.
1395 1568 1485 1584 —
1533 1532 1616 1602 II.
1660 1534 1753 1600 De
1805 1532 2116 1601 Fracano.
2159 1572 2244 1584 —
2283 1534 2394 1604 111.
2439 1524 2534 1605 De

262 1647 439 1716 tertii
480 1650 613 1717 nati
654 1650 1085 1737 exoptatione.
1121 1688 1205 1700 —
1244 1650 1386 1718 IIII.
1430 1651 1523 1718 De
1560 1649 1852 1719 horribili
1892 1650 2165 1719 visione.
2200 1689 2291 1702 --
2316 1653 2395 1720 V.
2437 1654 2533 1721 De

264 1762 528 1830 turbine
567 1762 633 1829 in
673 1763 925 1832 itinere.
963 1801 1043 1812 —-
1074 1763 1180 1830 VI.
1215 1764 1309 1830 De
1345 1763 1553 1851 primo
1590 1763 1875 1851 ejusdem
1907 1763 2118 1852 signo.
2152 1803 2232 1814 -
2267 1766 2402 1833 VII.
2437 1766 2532 1834 De

259 1876 406 1964 ejus
460 1877 840 1945 ammirabili
885 1876 1359 1965 predicatione.
1406 1914 1485 1926 —
1527 1878 1695 1945 VIII.
1758 1879 1851 1945 De
1909 1898 2075 1946 caeco
2134 1889 2379 1947 curate.
2440 1917 2527 1972 ÷

261 1990 375 2058 IX.
430 1991 523 2058 De
572 2010 793 2058 sorore
838 1990 1001 2076 ejuS.
1056 2029 1141 2040 —
1198 1991 1278 2058 X.
1330 1991 1422 2058 De
1468 1990 1785 2077 discipulo
1831 2002 2076 2060 curato.
2129 2030 2209 2041 —-
2262 1990 2373 2061 XI.
2433 1994 2527 2061 De
2629 1994 2669 2058 “j

258 2115 520 2193 pastore
559 2105 799 2173 ovium.
837 2144 922 2155 —
961 2106 1101 2172 XII.
1144 2106 1237 2173 De
1274 2106 1699 2174 concursibus
1736 2126 2075 2194 equorum.
2104 2145 2193 2158 -
2220 2107 2388 2175 XIII.
2432 2107 2526 2177 De

253 2217 535 2286 Patricio
573 2239 688 2307 per
726 2217 1053 2287 somnium
1092 2219 1255 2288 vis0.

763 2453 1049 2537 Explicit
1110 2456 1255 2520 libri
1305 2457 1502 2536 primi
1556 2458 2017 2538 recapitulatiO.
2058 2467 2062 2472 ’
2140 2443 2144 2447 ’

1018 2763 1179 2829 Item
1214 2766 1433 2848 incipit
1467 2766 1743 2833 secundi.

331 3002 533 3070 XIIII.
577 3001 670 3071 De
707 3001 1075 3091 egressione
1112 3011 1304 3092 atque
1354 3002 1630 3072 transitu
1678 3023 1792 3091 per
1835 3022 2034 3093 pagos
2070 3002 2512 3075 Domnonicos

240 3128 305 3187 et
347 3118 425 3186 de
471 3119 612 3186 loco
660 3117 949 3187 invento.
1006 3157 1091 3168 --
1148 3117 1285 3187 XV.
1330 3121 1423 3187 De
1469 3120 1672 3188 'maris
1721 3120 1908 3188 divisi
1961 3121 2258 3189 transitu.
2305 3120 2506 3211 [Pol.

244 3254 408 3308 114
459 3239 556 3326 νο]
598 3275 678 3312 -,
718 3238 883 3305 XVl.
928 3238 1089 3307 Item
1128 3237 1208 3306 de
1244 3238 1375 3306 situ
1412 3238 1699 3327 ejusdem
1737 3238 1862 3307 loci
1901 3249 1964 3306 et
2004 3239 2084 3307 de
2122 3258 2305 3328 aquae
2342 3239 2508 3327 peti·
2563 3236 2645 3303 Il]

235 3355 439 3422 tione.
485 3391 572 3403 -
608 3353 803 3420 XVII.
850 3355 943 3421 De
982 3354 1367 3421 fantasmate
1405 3353 1738 3421 diabolica.
1773 3390 1862 3403 ·——
1898 3354 2120 3420 XVIII.
2165 3353 2504 3435 Quomodo

234 3483 273 3532 a
312 3463 652 3532 vicessimo
700 3464 909 3531 aetatis
955 3485 1089 3532 suae
1135 3475 1197 3533 et
1252 3464 1460 3553 primo
1508 3464 1740 3532 vixerit
1787 3483 1960 3532 anno
1999 3476 2062 3533 et
2099 3465 2179 3532 de
2215 3465 2502 3535 vestibus

232 3579 375 3666 ejus
412 3577 711 3645 cilicinis.
745 3596 829 3627 —-·
868 3578 1035 3645 XIX.
1080 3579 1174 3645 De
1212 3578 1351 3666 ejus
1390 3579 1571 3666 cybo.
1605 3617 1693 3629 —
1720 3579 1858 3645 XX.
1905 3579 1999 3646 De
2040 3597 2273 3666 genere
2310 3588 2503 3666 potus

216 3692 397 3780 ‘ejus.
470 3729 550 3740 —-
619 3692 787 3760 XXI.
860 3693 950 3759 De
1016 3693 1157 3780 ejus
1220 3692 1656 3778 contemplatu
1720 3702 1786 3759 et
1850 3691 2340 3778 supplicatione.
2415 3728 2496 3741 --

228 3803 430 3872 xxn.
474 3805 565 3872 ne
606 3793 911 3872 Gradl'oni
951 3805 1120 3893 regis
1161 3814 1513 3872 memorata
1550 3804 1962 3872 allocutione.
2012 3841 2093 3854 --
2132 3786 2360 3871 xxm.
2405 3805 2498 3873 ne
2554 3805 2637 3872 1:22

231 3920 457 3987 matris
493 3919 676 3987 Rioci
718 3920 1155 3988 suscitatione.
1203 3956 1282 3968 —
1321 3920 1577 3987 XXIIII.
1621 3921 1714 3987 De
1753 3920 1957 3987 tribus
1994 3918 2306 4007 Catmagli
2347 3919 2497 3987 filiis

232 4047 296 4104 et
335 4036 575 4124 juvene
614 4036 680 4102 in
728 4036 965 4124 scapha
1011 4035 1257 4103 relicto.
1300 4073 1390 4086 -
1426 4035 1619 4102 XXV.
1671 4035 1859 4118 Quod
1905 4054 2098 4103 nemo
2141 4035 2208 4102 in
2266 4035 2493 4103 eodem

229 4150 374 4217 loco
437 4157 660 4216 sancto
721 4159 969 4236 poterat
1035 4149 1221 4217 mori.
1293 4185 1381 4198 -
1442 4147 1667 4216 XXVI.
1736 4149 1830 4216 De
1881 4149 2150 4217 muliere
2204 4147 2491 4217 caecitate

229 4273 469 4352 erepta.
513 4303 601 4315 —
635 4265 888 4332 XXVII.
945 4265 1039 4332 De
1092 4264 1383 4354 ejusdem
1437 4264 1641 4332 sancti
1688 4263 1870 4332 obitu
1917 4266 1997 4333 ab
2057 4264 2288 4355 angelo
2338 4284 2490 4352 pre-

231 4377 558 4465 nuntIato,
599 4386 663 4446 et
701 4376 1029 4466 quomodo
1066 4397 1103 4446 e
1140 4397 1405 4468 corpore
1442 4378 1752 4447 translata
1790 4379 1874 4447 sit
1909 4377 2148 4446 anima.
2434 4415 2443 4422 ·
2538 4370 2629 4438 2&
