3459 5667
961 632 1158 717 ...156-

1014 945 1098 1012 XXV

864 1198 913 1268 lln
941 1197 1029 1269 Bnur
1056 1195 1248 1265 Vllmvnanrv.

534 1464 570 1532 ln
590 1463 722 1533 nomine
741 1469 861 1533 sanctae
881 1459 1048 1530 Trinitatis
1066 1468 1098 1529 et
1116 1458 1219 1529 unicae
1243 1459 1391 1546 Deitatis,
1411 1460 1519 1531 divina
1537 1482 1605 1531 con·

492 1579 625 1649 cedente
653 1577 835 1665 clemcntia,
864 1576 990 1657 Alanus
1018 1575 1085 1644 dur
1111 1574 1299 1663 Britounm,
1329 1574 1443 1645 videns
1469 1586 1606 1647 sanctum

381 1716 384 1723 ·
491 1716 607 1785 corpus
626 1692 836 1783 Uuingnaloci
857 1692 931 1761 exul
949 1710 968 1759 a
986 1691 1088 1780 patria
1101 1691 1442 1781 peregrinaturumque
1459 1691 1494 1760 in
1512 1693 1607 1761 aliena

490 1797 634 1881 hostium
648 1808 825 1879 crudelium
841 1805 1091 1896 perturbationis
1104 1824 1212 1893 causa,
1227 1816 1260 1874 et
1272 1806 1485 1877 reminiscens
1499 1809 1606 1876 lohan-

444 1927 544 2004 5nis
571 1924 776 2015 evangelistae
803 1922 899 1992 verba
925 1948 933 1990 r
961 1950 976 1983 s
1005 1920 1197 2010 Quicunque
1224 1920 1339 1989 viderit
1365 1921 1494 1991 fratrem
1520 1942 1607 1991 snum

490 2038 713 2109 necessitatem
734 2038 836 2124 [mol.
862 2051 946 2109 aco
965 2037 1022 2124 vo]
1047 2034 1164 2104 habere
1185 2044 1217 2103 et
1239 2034 1391 2105 clauserit
1414 2036 1537 2105 viscera
1556 2055 1607 2105 sua

491 2154 532 2223 ab
551 2171 602 2238 eo,
624 2150 786 2241 quomodo
808 2150 924 2221 caritas
946 2150 1003 2219 Dei
1027 2158 1136 2218 manet
1157 2148 1268 2217 ineo?
1289 2178 1304 2211 n
1330 2150 1490 2240 verbaque
1514 2150 1607 2220 sancti

490 2266 655 2356 Evangelii
691 2293 699 2335 ι
737 2294 752 2327 a
787 2266 881 2348 Quod
912 2264 968 2333 uni
1002 2286 1042 2333 ex
1073 2264 1217 2333 minimis
1244 2265 1325 2334 meis
1352 2265 1487 2354 lecistis,
1518 2265 1607 2335 michi

490 2384 624 2469 lecistis,
647 2392 709 2453 »ct
730 2409 737 2451 :
762 2411 776 2444 v
799 2382 860 2466 Qui
881 2402 939 2451 vos
958 2381 1082 2472 spernit
1100 2401 1153 2450 me
1171 2382 1383 2471 contempnit,
1402 2411 1417 2444 a
1434 2393 1467 2451 et
1488 2412 1496 2451 ι
1523 2412 1536 2444 v
1553 2384 1607 2466 Qui

422 2515 464 2584 40
491 2499 545 2567 dat
564 2498 694 2589 pauperi
713 2497 875 2567 feneratur
894 2499 973 2585 lieo,
989 2497 1201 2587 tribuensque
1220 2515 1353 2585 parvum
1373 2499 1406 2566 in
1426 2500 1489 2568 hoc
1508 2499 1608 2595 seculo

491 2622 654 2703 comparat
682 2632 815 2703 regnum
845 2624 1001 2681 aeternum
1028 2612 1062 2679 in
1086 2613 1195 2681 futuro
1216 2638 1224 2680 ε
1249 2640 1264 2673 v
1286 2613 1337 2682 his
1357 2623 1390 2682 et
1413 2615 1486 2683 aliis
1510 2615 1607 2683 verbis

491 2738 599 2797 mente
618 2728 765 2814 timente,
782 2726 947 2816 solidaque
966 2728 998 2795 in
1017 2726 1084 2795 Deo
1098 2737 1302 2816 perscrutans
1316 2729 1404 2798 omni
1420 2729 1606 2817 intentione,

491 2843 729 2932 dispensatione
757 2844 842 2933 regis
871 2841 1001 2931 superni
1031 2842 1146 2931 suique
1171 2842 1410 2912 miseratione:
1435 2852 1468 2911 et
1496 2843 1607 2912 idcirco

490 2959 626 3046 Alanus,
647 2966 728 3026 nutu
758 2957 814 3025 Dei
841 2956 919 3045 dux,
939 2957 994 3047 qui
1020 2967 1136 3026 cuncta
1154 2956 1334 3047 despiciens
1352 2967 1489 3046 terrena,
1511 2958 1608 3026 modis

422 3088 464 3156 15
491 3073 642 3146 omnibus
670 3072 804 3162 cupiens
831 3071 966 3161 adipisci
995 3071 1144 3159 caelestia,
1174 3071 1305 3141 tradidit
1331 3073 1371 3141 de
1398 3091 1457 3173 sua
1488 3056 1608 3162 propria

489 3192 663 3261 hereditate
692 3201 805 3261 sancto
827 3190 1058 3280 Uningnaloaen
1082 3190 1216 3281 ejusque
1237 3190 1343 3259 abbati
1367 3191 1516 3279 iohanni,
1538 3191 1607 3282 quia

489 3307 614 3377 vocavit
632 3306 725 3375 illum
744 3305 828 3375 inira
841 3323 929 3375 mare
942 3314 1038 3395 atque
1057 3305 1214 3393 invitavit,
1231 3316 1269 3375 et·
1279 3305 1506 3396 iusiurandum
1523 3306 1607 3396 iura·

488 3432 604 3492 verunt
622 3422 692 3513 ejus
706 3420 815 3491 fideles
827 3420 876 3489 illi
895 3431 1067 3510 antequam
1080 3420 1234 3510 venisset,
1249 3422 1283 3491 hi
1298 3431 1387 3507 sunt,
1404 3429 1501 3505 [ποι.
1519 3426 1607 3503 aaa]

488 3537 646 3630 Amalgod
665 3548 761 3629 atque
780 3538 979 3627 Uuethenoc,
999 3559 1097 3629 super
1115 3537 1215 3609 altare
1234 3539 1335 3608 sancti
1356 3540 1443 3608 Petri
1461 3539 1604 3629 apostoli,

384 3657 387 3669 '
419 3661 463 3730 20
488 3664 521 3726 et
538 3655 600 3725 iste
617 3656 777 3725 lohannes
796 3656 1013 3725 satisfactione
1038 3656 1208 3727 deservivit
1230 3656 1315 3726 inter
1336 3656 1489 3726 barbaros
1510 3654 1606 3745 pluri-

488 3788 605 3859 maque
624 3770 709 3839 inter
726 3788 843 3859 genera
865 3770 1029 3840 Saxonum
1051 3781 1148 3862 atque
1171 3773 1419 3858 Normauorum‚
1443 3782 1476 3841 et
1498 3793 1604 3843 neces·

488 3882 605 3952 sariam
636 3882 748 3953 multis
778 3883 901 3953 vicibus
926 3884 1062 3955 assiduis
1089 3904 1265 3975 pacemque
1290 3897 1489 3956 transmare
1515 3897 1604 3977 atque

487 3998 571 4067 inira
597 4016 685 4067 mare
711 3999 752 4069 ad
769 3998 924 4088 gaudium
948 4010 1095 4070 nostrum
1123 3976 1294 4070 nuntiavit.
1320 4003 1362 4069 Et
1384 4001 1457 4071 ideo
1483 4001 1604 4092 propria

362 4118 365 4124 ’
450 4196 457 4209 .
486 4112 584 4203 jussit
602 4132 675 4181 eum
699 4113 847 4183 ordinare
872 4114 912 4182 ad
935 4114 1126 4185 abbaticium
1151 4116 1324 4206 supradicti
1345 4116 1465 4203 saucti3
1490 4115 1604 4185 addidit

419 4238 464 4307 25
488 4250 617 4320 quoque
636 4238 747 4299 sancto
770 4230 991 4321 Uuingualoeo
1015 4231 1055 4301 de
1081 4251 1140 4302 sua
1167 4234 1294 4325 propria
1317 4234 1507 4318 hereditate,
1527 4234 1604 4303 sicut

489 4365 585 4436 supra
608 4345 761 4433 diximus,
788 4348 970 4437 specialiter
994 4348 1056 4417 sibi
1078 4366 1097 4417 a
1122 4350 1247 4419 cunctis
1269 4350 1455 4440 parentibus
1478 4348 1600 4432 inclitis,

489 4459 610 4551 idest,
641 4462 871 4531 monasterium
899 4464 1000 4533 sancti
1031 4464 1172 4534 Medardi
1200 4465 1334 4556 ejusque
1360 4475 1491 4554 terram,
1524 4463 1602 4532 lllltr
