3459 5667
914 553 1090 626 ...ῃ-

435 716 590 768 evomens
610 695 687 766 inde
710 694 941 785 subsequentia
959 695 1043 764 male
1070 703 1142 766 acta
1169 693 1221 763 vel
1245 693 1409 785 usquead
1428 691 1572 763 bomini*

359 837 372 856 ·
434 814 524 882 dium
544 812 708 901 perducta,
724 811 935 901 repugnando
954 811 1087 881 resistit.
1105 810 1169 880 Sed
1187 820 1298 879 tamen
1320 811 1390 880 baec
1408 830 1428 880 a
1446 809 1574 898 perlec-

435 925 679 1014 tioribuslltol.
697 942 775 996 m
798 931 849 1006 vo]
864 924 1046 1014 quibusque
1060 923 1152 1013 quasi
1165 923 1260 1008 levia,
1273 923 1341 992 Deo
1355 923 1569 1012 propiciante,

434 1041 622 1125 vincuntur,
643 1049 675 1107 et
693 1059 751 1129 per
768 1041 838 1108 baec
854 1040 1022 1110 assensuri
1042 1039 1076 1106 in
1101 1039 1229 1125 caelum,
1257 1038 1351 1128 quasi
1374 1057 1489 1108 aurum
1513 1059 1573 1128 per

384 1155 408 1224 ὅ
435 1154 543 1244 ignem
562 1153 714 1240 fornacis,
734 1153 858 1242 probati
878 1154 1034 1223 sublimes
1053 1153 1246 1222 efficiuntur.

478 1272 575 1355 Ecce,
603 1270 716 1338 fratres
740 1269 917 1356 karissimi,
948 1270 1044 1359 quale
1071 1277 1121 1338 est
1146 1269 1209 1336 boc
1235 1268 1482 1338 commercium!
1518 1271 1570 1340 llli

435 1401 575 1472 namque
594 1383 694 1450 iurari
712 1391 869 1451 venerant
887 1391 919 1450 et
939 1392 1069 1471 propter
1082 1382 1231 1452 inmensa
1250 1400 1347 1452 onera
1365 1381 1570 1453 damnabiles

434 1498 677 1586 repperiuntur3
698 1506 730 1564 et
748 1517 815 1564 non
834 1495 941 1565 solum
956 1497 1105 1566 vindictae
1120 1517 1187 1565 non
1205 1495 1379 1564 traduntur
1393 1497 1450 1565 sed
1470 1497 1569 1566 etiam

434 1615 520 1683 duna
538 1614 765 1699 restituuntur,
785 1621 817 1681 et
835 1633 907 1702 quae
930 1612 1042 1682 illicite
1067 1614 1196 1680 lucrant
1217 1620 1308 1700 rapta
1330 1612 1416 1680 licite
1440 1611 1568 1680 donau·
1671 1624 1677 1638 ·

364 1724 408 1794 10
434 1742 500 1817 tur,
520 1732 578 1801 sed
597 1742 705 1800 tamen
725 1751 792 1798 non
810 1731 933 1821 absque
956 1731 1063 1822 aliqua
1083 1732 1284 1819 surreptione
1305 1760 1313 1799 ι
1334 1752 1389 1818 ne,
1410 1731 1438 1800 si
1458 1731 1568 1800 incur-

433 1846 516 1934 repti
544 1845 740 1929 sinerentur,
774 1843 879 1915 securi
911 1841 1009 1935 atque
1036 1846 1245 1935 neglegentes
1275 1855 1401 1914 tantum
1429 1845 1568 1915 ulterius

433 1964 636 2031 incurrerent
654 1963 788 2030 malum.
805 1962 888 2045 Quia
907 1962 953 2052 pii
972 1965 1071 2051 patris
1090 1972 1186 2051 atque
1199 1962 1293 2051 periti
1312 1983 1378 2031 uun
1398 1973 1446 2031 est
1465 1963 1567 2032 moris

433 2077 650 2164 incorreptum
669 2096 829 2166 quemque
847 2075 988 2144 liliorum
1010 2077 1084 2144 cum
1108 2075 1278 2165 deliquerit
1296 2076 1428 2164 dimitti,
1448 2097 1490 2146 ne
1507 2078 1567 2146 de-

433 2191 535 2260 terius
553 2201 639 2280 agat,
659 2190 745 2258 sicut
762 2210 823 2258 nec
840 2191 875 2258 in
895 2199 1012 2276 totum,
1032 2189 1180 2280 quamvis
1198 2189 1379 2279 deliquerit,
1399 2190 1503 2279 perdi,
1523 2211 1567 2261 ne

365 2293 408 2362 15
434 2305 566 2394 penitus
589 2303 772 2392 disperatus
795 2313 915 2393 pereat.
938 2311 1036 2386 [nol.
1055 2310 1154 2386 ¹atae]
1183 2303 1246 2372 Sed
1269 2323 1330 2371 nec
1356 2303 1402 2393 pii
1428 2305 1567 2392 pastoris

433 2427 483 2486 est
501 2437 631 2507 gregem
649 2417 835 2486 diutissime
853 2417 1021 2486 intonsum
1040 2418 1153 2502 laxari,
1174 2419 1258 2486 sicut
1280 2439 1341 2486 nec
1360 2419 1475 2488 iterum
1495 2420 1567 2509 ejus

433 2539 483 2599 est
510 2529 599 2597 omni
627 2539 774 2619 tempore
801 2529 973 2618 deglobere
1000 2527 1057 2598 sed
1080 2541 1253 2618 oportuno,
1279 2551 1320 2598 ne
1343 2531 1461 2620 frigore
1485 2553 1565 2601 con·

434 2654 585 2733 sumptus
608 2655 728 2733 percat.
750 2643 887 2726 Quando
911 2645 998 2714 enim
1017 2645 1106 2744 iures
1128 2655 1295 2733 venerant,
1315 2653 1443 2734 propter
1460 2647 1567 2735 pessi-

432 2781 523 2828 mum
552 2759 727 2829 criminum
754 2762 901 2830 faetorem
931 2760 1012 2829 hirci
1040 2760 1167 2829 dicendi
1196 2772 1298 2830 erant.
1324 2762 1460 2845 Quando
1487 2783 1566 2831 vero

363 2872 407 2940 20
433 2893 522 2943 nunc
539 2894 606 2942 non
626 2874 731 2942 solum
750 2894 922 2963 corporum
948 2873 1069 2942 mederi
1089 2875 1147 2942 scd
1170 2875 1267 2943 etiam
1290 2875 1471 2943 animarum
1489 2877 1565 2944 uul-

370 2995 373 2998 ’
432 3005 510 3056 nera
528 2997 678 3075 poscunt,
699 2999 829 3077 propter
852 3008 945 3056 nuvae
964 2987 1185 3056 conversionis
1208 2989 1364 3058 fervorem
1384 2998 1416 3058 et
1433 2999 1565 3079 propter

432 3111 505 3190 post
533 3102 777 3172 conversionem
807 3101 936 3171 Christo
967 3110 1033 3169 tam
1062 3100 1242 3191 simplicem
1268 3101 1562 3192 conversationem,

432 3215 591 3285 columbae
609 3215 791 3304 appellandi
810 3217 954 3284 luerunt.

477 3328 652 3426 Columbae
672 3331 759 3398 enim
778 3329 950 3419 phisiologi
974 3329 1120 3399 scribunt
1141 3329 1415 3400 ferventissimum
1439 3329 1473 3397 in
1491 3347 1565 3398 am-

362 3441 406 3509 25
432 3445 580 3534 plexibus
606 3445 725 3514 babere
749 3442 945 3513 desiderium
967 3471 975 3512 z
997 3445 1044 3513 sic
1071 3455 1103 3514 et
1132 3445 1188 3535 qui
1212 3443 1341 3515 Christo
1364 3445 1565 3514 convertitur

432 3559 584 3627 convenit
597 3567 701 3627 totum
714 3557 749 3625 in
762 3575 872 3627 amore
885 3558 954 3648 ejus
970 3559 1191 3647 amplectendo
1205 3559 1348 3627 converti
1362 3557 1564 3626 desiderium

431 3692 541 3742 suum.
570 3671 816 3760 Simplicitatem
848 3692 930 3741 vero.
952 3673 1024 3741 illas
1055 3672 1172 3743 babere
1202 3672 1275 3760 quis
1304 3671 1427 3740 nesciat
1452 3671 1566 3760 legens

431 3787 666 3878 Evangeliumi
697 3778 800 3871 Quam
833 3787 934 3879 [rol.
959 3805 1040 3859 m
1068 3771 1119 3871 no]
1154 3787 1251 3856 etiam
1284 3787 1374 3856 omni
1407 3805 1565 3855 converso

432 3912 543 3993 aptum
562 3914 612 3973 est
629 3914 752 3992 tenere,
769 3905 802 3973 id
820 3914 869 3974 est
887 3903 1014 3974 murum
1034 3902 1273 3990 rectitudinem,
1289 3923 1331 3971 ne
1349 3913 1405 3972 aut
1423 3902 1465 3970 ad
1484 3901 1564 3970 dex-

362 4008 406 4077 30
432 4028 534 4088 teram
564 4019 703 4089 declinet
729 4019 900 4110 nequead
928 4019 1106 4090 sinistram.
1131 4019 1216 4088 Hinc
1237 4019 1369 4109 quidam
1393 4028 1564 4109 poetarum

370 4140 373 4146 ’
432 4135 542 4205 dixit:

475 4366 548 4435 Non
566 4366 640 4436 laeta
657 4366 813 4436 extollant
830 4364 990 4454 animum,
1011 4386 1077 4435 nun
1097 4365 1201 4436 tristia
1219 4364 1381 4454 frangant.
