3459 5667
647 608 821 677 ..71-

164 748 220 818 ille
238 747 307 835 ipsc
325 754 361 814 tu
379 764 428 830 es,
449 744 505 834 qui
528 744 626 814 modo
648 755 715 814 tam
737 745 901 815 sordidam
928 754 960 815 et
983 754 1049 814 tam
1073 746 1296 816 detestandam

162 865 302 933 indutus
321 862 505 947 formulam,
526 861 567 928 ab
585 862 736 930 omnibns
759 863 868 945 bonis,
889 873 924 930 ut
947 863 1045 932 modo
1064 863 1170 950 video,
1190 880 1295 951 quan·

161 992 235 1051 tum
264 981 423 1051 valuerint
452 981 556 1069 magis
584 981 746 1048 vitandam
775 1001 870 1070 quam
895 981 1107 1071 sequendam,
1131 979 1295 1069 quondam

161 1097 337 1184 primatum
362 1095 513 1163 habuisse
537 1095 652 1182 legeris
676 1096 760 1163 inter
778 1097 928 1185 angelos;
951 1096 1005 1184 qui
1025 1096 1208 1185 principum
1227 1096 1296 1162 via·

162 1233 236 1280 rum
255 1211 312 1280 Dei
333 1231 404 1279 esse
423 1210 585 1297 scriberis,
602 1210 664 1302 [u‚
689 1223 762 1281 rot.
782 1219 850 1293 nu]
872 1212 957 1280 uude
976 1223 1008 1281 et
1026 1213 1067 1280 ad
1081 1212 1294 1300 comparatio·
1343 1201 1366 1270 5

161 1346 240 1394 nem
271 1326 459 1414 angelorum
486 1325 699 1413 archangelus
726 1345 762 1392 es
791 1325 991 1413 appellatus?
1018 1327 1067 1394 Ex
1095 1344 1159 1415 qua
1186 1336 1294 1394 tamen

160 1440 279 1508 fiducia
297 1439 454 1522 cecidisti,
469 1449 504 1506 ut
521 1440 592 1507 sine
610 1439 813 1526 reparatione
831 1439 996 1507 labereris.
1013 1438 1114 1529 Cujus
1133 1441 1295 1508 excellen-

159 1558 239 1622 tiam
260 1552 449 1642 prelationis
469 1552 624 1640 propheta
642 1551 693 1618 his
711 1552 889 1619 annunciat
913 1551 1020 1620 verbis
1041 1579 1048 1619 :
1075 1580 1089 1612 «
1113 1551 1206 1621 Cedri
1226 1573 1293 1621 non

160 1668 295 1734 fuerunt
314 1664 444 1732 altiores
459 1664 514 1731 illo
528 1664 561 1731 in
576 1664 724 1752 paradiso
736 1663 811 1749 Dei,
828 1663 950 1732 abietes
964 1684 1030 1732 non
1045 1664 1295 1753 adaequaverunt

161 1777 383 1847 summitatem
403 1776 504 1843 illius.
525 1804 539 1836 a
558 1776 663 1844 Omne
677 1777 801 1864 lignum
820 1775 960 1864 paradisi
980 1796 1046 1844 non
1065 1787 1114 1846 est
1133 1779 1292 1847 assimila·
1320 1778 1364 1847 to

159 1904 231 1960 tum
251 1892 311 1975 illi,
331 1891 485 1980 quoniam
505 1891 731 1978 speciosiorem
751 1891 827 1959 lecit
844 1912 920 1960 eurn
938 1893 1036 1961 Deus.
1061 1893 1153 1962 Tune
1180 1895 1291 1978 etiarn,

158 2017 301 2076 testante
320 2008 388 2075 Deo
406 2027 463 2095 per
481 2006 728 2089 Hiezechielem,
749 2007 951 2095 signaculum
971 2007 1206 2095 similitudinis,
1222 2010 1292 2099 plc-

158 2142 224 2190 nus
242 2121 411 2209 sapientia,
431 2121 591 2208 perlectus
604 2119 730 2205 decore,
747 2120 781 2187 in
800 2120 924 2189 deliciis
944 2121 1082 2210 paradisi
1102 2123 1159 2191 Dei
1179 2124 1291 2192 luisti?

157 2235 225 2304 Sed
241 2245 359 2321 tamen,
379 2253 456 2301 mon
474 2243 510 2301 nt
527 2234 631 2301 lactus
649 2254 697 2319 ee,
724 2233 757 2300 in
777 2234 961 2322 snperbiam
984 2236 1116 2324 erupisti
1135 2246 1168 2305 et
1186 2238 1290 2325 preci·

156 2350 279 2439 pitatus
293 2350 333 2418 de
346 2350 424 2419 caelo
438 2370 484 2418 es.
501 2349 596 2434 Nam,
613 2350 706 2436 juxta
725 2349 869 2417 veritatis
883 2350 1118 2438 testimonium,
1135 2353 1175 2420 ab
1195 2352 1288 2422 initio
1318 2347 1361 2417 ld

157 2463 298 2531 mendax
316 2461 406 2530 luisti
425 2472 457 2531 et
475 2461 660 2530 inveritate
678 2482 744 2530 non
763 2462 895 2549 stetisti,
912 2463 988 2552 quia
1002 2464 1112 2532 statim
1132 2474 1169 2532 ut
1186 2465 1290 2534 sactus
1317 2471 1318 2476 ’

155 2598 194 2647 es
222 2577 377 2646 cecidisti.
410 2577 515 2644 Fuisti
548 2576 679 2665 quidem
709 2576 743 2643 in
775 2577 911 2644 veritate
942 2577 1105 2663 conditus,
1134 2579 1192 2648 sed
1223 2601 1289 2648 non

156 2692 274 2760 stando
292 2690 462 2760 confestim
486 2708 505 2757 a
533 2690 668 2758 veritate
694 2710 729 2758 es
757 2691 880 2778 lapsus,
901 2691 979 2758 dum
1002 2701 1034 2760 te
1052 2712 1109 2780 per
1128 2702 1288 2762 tumorem

154 2807 315 2895 superbiae
342 2806 575 2875 conserendum
602 2806 669 2873 lieo
697 2816 879 2892 putaveras.
906 2806 970 2875 Sed
993 2827 1057 2874 non
1082 2807 1144 2875 hoc
1163 2809 1288 2878 solum·

154 2920 253 2989 modo
268 2929 440 2988 contentus
454 2919 553 3008 quod,
565 2928 597 2986 te
615 2919 683 2986 Deo
696 2918 851 3007 aequalem
872 2919 1073 3006 existimans,
1089 2922 1287 3009 excecidisti,
1313 2924 1359 2994 20

154 3035 289 3122 insuper
306 3032 404 3101 etiam
423 3031 622 3119 superiorem
642 3041 674 3098 te
691 3031 784 3118 dicis,
800 3041 941 3099 testante
954 3034 1099 3120 apostolo
1114 3035 1169 3122 qui
1184 3035 1229 3102 ait
1248 3036 1288 3104 dc
1390 3073 1392 3078 ·

152 3149 357 3218 Antichristo
385 3177 392 3217 ι
418 3148 502 3229 Quia
525 3147 712 3216 adversatur
735 3154 767 3215 et
785 3147 950 3216 extollitur
969 3167 1066 3238 supra
1083 3169 1181 3218 omne
1199 3149 1287 3240 quod

153 3262 272 3330 dicitur
290 3259 377 3328 Deus
396 3269 452 3327 aut
470 3258 598 3327 colitur.
624 3285 639 3317 a

198 3376 275 3442 llaec
310 3384 418 3441 autem
450 3372 560 3440 statim
594 3380 630 3438 ut
663 3369 785 3439 audivit
815 3377 874 3455 [n‚
897 3383 970 3441 rot.
989 3390 1047 3443 au
1066 3379 1114 3455 vr]
1153 3374 1192 3441 ab
1230 3383 1286 3444 ord

153 3489 350 3560 sanctissimi
386 3487 464 3573 viri,
498 3486 727 3575 spurcissimus
763 3486 894 3554 recessit
927 3488 1151 3576 gravissimum
1183 3490 1284 3558 relin-
1311 3495 1356 3565 25

151 3625 257 3694 quens
293 3605 440 3671 foetorem
476 3601 635 3668 diabolus.
671 3601 783 3668 Frater
810 3600 919 3689 itaque
957 3602 1156 3690 TethgonuS,
1191 3605 1284 3692 cujus

153 3724 235 3791 cella
253 3721 392 3789 oratorio
413 3721 518 3787 inerat
541 3718 699 3806 proxima,
720 3728 825 3786 tantas
849 3719 953 3806 primo
976 3720 1061 3788 inter
1084 3731 1233 3793 sanctum
1252 3733 1285 3790 ct

152 3835 317 3906 diabolum
331 3825 471 3901 audiens
489 3833 722 3910 condictiones,
743 3831 860 3900 deinde
878 3852 1077 3921 consurgens
1097 3844 1132 3901 ut
1157 3834 1284 3921 plenius

151 3959 304 4017 eventum
318 3948 415 4036 hujus
429 3948 475 4016 rei
495 3946 664 4031 edisceret,
678 3957 768 4014 tanta
781 3947 878 4036 hujus
891 3948 1023 4036 maligni
1039 3949 1118 4016 vidit
1132 3949 1283 4038 figmenta

151 4074 187 4132 et
219 4064 296 4131 talia
323 4062 420 4150 hujus
442 4062 544 4130 sancti
570 4061 617 4129 illi
645 4061 786 4149 pessimo
814 4060 1037 4129 convincendo
1068 4062 1179 4131 didicit
1211 4083 1281 4132 res·
1308 4061 1353 4131 30

152 4196 267 4267 ponsa,
288 4188 383 4265 atque
402 4184 574 4265 sequenter
592 4175 745 4242 iratribus
759 4175 828 4251 suis
846 4174 1008 4243 revelavit.
1026 4174 1075 4242 llli
1091 4186 1198 4244 autern
1213 4176 1282 4244 haec

152 4292 336 4374 audientes,
362 4291 468 4377 magis
496 4289 664 4383 magisque
691 4288 725 4354 in
755 4289 844 4356 omni
870 4307 965 4376 opere
984 4287 1070 4356 bono
1093 4289 1220 4358 accensi
1249 4301 1281 4358 et

152 4408 257 4496 magis
274 4406 361 4476 cauti
380 4406 497 4493 ellecti,
518 4405 658 4473 multum
675 4405 823 4474 aedilicati
847 4413 937 4493 sunt,
958 4415 1121 4492 prestante
1139 4405 1279 4474 Domino
