3459 5667
950 579 1141 660 476-

485 731 710 801 accdesiastico
743 729 918 798 Britanniae
950 730 1142 800 consistenti
1179 737 1294 798 notum
1331 731 1373 799 sit
1410 731 1501 820 quia,
1536 730 1615 800 dum

485 845 709 913 Matmonocus
723 843 804 912 abba
820 862 860 911 er
879 843 1076 912 monasterio
1091 842 1346 912 Landeuinnoch
1365 853 1510 912 nostram
1529 843 1615 913 adis·

485 970 535 1028 set
566 957 774 1048 presentiam,
809 967 842 1026 et
872 957 964 1025 illurn
991 956 1059 1025 sive
1091 957 1131 1026 de
1163 956 1408 1027 conversatione
1439 959 1616 1029 monacho-

485 1092 559 1139 rum
576 1072 705 1139 illarum
729 1070 870 1159 partium
894 1070 1098 1139 monasteriis
1117 1070 1364 1138 consistentium
1385 1070 1453 1140 sive
1477 1071 1518 1140 de
1540 1081 1617 1141 ton-

438 1186 461 1255 5
485 1185 577 1254 sione
604 1184 897 1272 interrogassemus
925 1192 959 1251 et
991 1183 1031 1250 ad
1063 1182 1223 1273 liquidum
1254 1183 1349 1252 nobis
1382 1184 1520 1272 qualiter
1547 1185 1617 1254 haec

485 1299 592 1368 forent
617 1298 835 1387 patefecisset,
855 1308 1089 1388 cognoscentes
1112 1297 1274 1387 quomodo
1300 1298 1340 1366 ab
1359 1299 1464 1368 Scotis
1486 1299 1555 1368 sire
1578 1299 1618 1368 de

484 1413 729 1482 conuersatione
743 1412 811 1479 sive
830 1412 871 1479 de
891 1412 1041 1479 tonsione
1057 1411 1196 1499 capitum
1217 1411 1425 1499 accepissent,
1441 1411 1518 1479 dnrn
1537 1411 1617 1480 ordo

483 1531 584 1599 totius
612 1539 731 1598 sanctae
758 1530 943 1618 apostolicae
972 1540 1068 1618 atque
1096 1530 1242 1597 Romane
1269 1528 1434 1597 AEccicsiae
1461 1529 1554 1598 aliter
1584 1548 1618 1599 se

484 1644 600 1712 habere
619 1642 809 1726 dinoscitur,
830 1642 951 1730 placuit
970 1642 1063 1709 nobis
1085 1652 1120 1708 nt
1139 1641 1207 1709 sivo
1226 1641 1266 1709 de
1285 1643 1362 1726 uita,
1384 1662 1440 1709 seu
1460 1642 1556 1710 etiarn
1578 1642 1618 1710 de

417 1753 459 1822 to
484 1768 629 1843 tonsura,
663 1777 735 1824 cnm
768 1755 941 1823 universali
975 1755 1148 1840 AEcctesia‚
1182 1755 1250 1822 Deo
1283 1754 1489 1841 dispensante
1521 1755 1618 1822 nobis

484 1869 671 1955 commissa,
691 1869 935 1938 concordarent.
959 1870 1001 1936 Et
1024 1867 1097 1936 ideo
1121 1867 1278 1956 jussimus
1301 1876 1340 1933 ut
1361 1876 1393 1934 et
1413 1867 1504 1956 juxta
1522 1889 1617 1956 regu·

372 2047 377 2057 .
484 1989 549 2056 lam
568 1989 671 2056 sancti
691 1987 854 2055 Benedicti
881 1986 981 2074 patris
1005 1987 1163 2069 viverent,
1186 2006 1257 2073 qnae
1281 1977 1444 2072 possibilis
1467 1994 1498 2052 ct
1524 1983 1619 2050 laude

484 2101 582 2190 digna
605 2112 667 2185 cst,
697 2111 729 2168 et
757 2100 797 2168 de
826 2109 960 2166 tonsura
984 2099 1098 2188 capitis
1119 2099 1210 2188 juxta
1229 2108 1372 2166 taxatum
1392 2097 1524 2165 modum
1543 2117 1617 2165 cunr

485 2223 604 2282 sanctae
633 2215 788 2280 Rornanae
815 2213 995 2298 AEccicsiae,
1026 2234 1097 2302 quae
1125 2233 1181 2301 per
1209 2213 1318 2281 orbern
1349 2222 1508 2281 terrarum
1534 2211 1617 2279 diia-

416 2320 459 2389 15
486 2337 550 2396 tata
578 2338 641 2413 est,
675 2327 874 2395 concordent
902 2328 1026 2396 unitate
1052 2357 1058 2395 :
1087 2337 1119 2396 et
1150 2326 1290 2394 eundem
1317 2324 1445 2393 uiuendi
1478 2339 1614 2409 rnorem,

485 2447 544 2523 [B,
566 2452 639 2510 rol.
656 2448 724 2522 nc]
746 2441 837 2529 juxta
861 2441 948 2530 quod
972 2441 1004 2508 in
1025 2441 1127 2508 sancti
1147 2451 1241 2528 atque
1260 2439 1371 2507 exirnii
1390 2437 1489 2524 patris
1513 2439 1617 2504 Bene-

484 2554 560 2622 dicti
581 2555 690 2642 reguia
709 2555 862 2641 scripturn
884 2565 947 2639 est,
965 2555 998 2622 in
1018 2556 1079 2622 hoc
1093 2553 1288 2622 monasterio
1302 2551 1453 2640 praedicto
1472 2560 1612 2635 teneant,

484 2678 516 2736 et
535 2668 568 2734 in
595 2668 749 2756 subjectis
771 2668 843 2756 eJus
866 2667 1055 2756 caeterisque
1075 2678 1220 2735 nostrum
1241 2666 1466 2754 plenissimum
1488 2665 1615 2752 jussum

484 2783 600 2872 exequi
627 2783 799 2851 valuerint.
827 2785 903 2851 Haec
928 2782 1066 2871 piissimi
1095 2782 1290 2850 Htudouuici
1318 2779 1521 2869 imperatoris
1543 2799 1613 2868 pre·

414 2889 459 2958 20
484 2908 576 2985 cepta
595 2896 635 2965 de
654 2897 753 2965 manu
773 2898 844 2987 ejus
862 2898 1023 2966 roborata.

560 3061 716 3129 SIGNUM
804 3069 839 3256 [
901 3067 1142 3149 Monoproaarac
1161 3065 1204 3130 de.
1261 3067 1296 3254 ]
1367 3055 1563 3126 LODUUICI

1318 3173 1609 3243 IMPERATORIS.

507 3177 770 3246 SERENISSIMI
858 3179 952 3244 Locis
980 3181 1006 3243 lc
1030 3179 1240 3244 ottonianae.

528 3351 617 3435 Haec,
638 3349 750 3418 eodcrn
769 3368 857 3418 anno
875 3349 1030 3438 predicto,
1046 3360 1149 3436 coepta
1167 3357 1216 3418 est
1234 3348 1269 3416 in
1288 3348 1400 3417 eodem
1419 3344 1611 3414 monasterio

484 3465 701 3554 suprascripto
721 3466 831 3554 regula
850 3466 950 3553 patris
969 3465 1146 3534 Benedicti.
