3459 5667
288 1294 487 1377 lucrorum
515 1290 710 1374 Clausum
736 1290 843 1371 Ltnm
872 1306 979 1371 untur
1007 1307 1174 1370 musanus

485 1482 488 1487 -
606 1445 655 1505 nu
683 1444 856 1505 seruum.

215 1706 317 1792 [not.
342 1702 388 1795 a]
404 1704 431 1773 l.
453 1705 501 1773 De
523 1703 635 1772 inclita
660 1702 834 1771 britannia
858 1701 1041 1787 nobilitate,
1060 1720 1188 1769 necnon
1209 1698 1300 1769 etde

44 1837 49 1843 ·
168 1820 291 1910 llagitio
310 1819 379 1908 ejus
397 1820 597 1909 flagellisque
616 1829 713 1908 atque
732 1817 929 1907 pestilentia.

212 1933 254 2002 lt.
276 1934 323 2001 De
343 1932 411 2001 viro
429 1931 568 2021 quodam
584 1932 701 2001 illustri
715 1930 850 1999 nomine
864 1931 1021 2017 Fracauo,
1037 1930 1156 2020 proprii
1169 1929 1302 2019 cespitis

157 2059 299 2139 'propter
317 2047 434 2116 loedam
456 2046 672 2137 pestilentiam
693 2044 871 2130 desertore,
885 2053 984 2132 atque
1002 2043 1065 2111 sub
1078 2044 1141 2111 boc
1158 2052 1303 2131 tempore

167 2164 305 2233 lundum
325 2161 502 2252 quendam,
522 2161 615 2251 quasi
639 2160 743 2250 plebis
762 2160 860 2229 unius
879 2158 1061 2244 modulum,
1081 2158 1115 2226 in
1135 2157 1303 2227 Armorica
1350 2160 1373 2226 5

169 2277 301 2367 regione
319 2275 479 2366 capiente.

213 2391 268 2460 Ill.
290 2390 337 2458 lle
356 2390 421 2457 nati
442 2390 532 2457 tercii
552 2389 755 2477 exoptatioue
773 2398 805 2456 et
823 2388 923 2476 patris
941 2387 1075 2456 terribili
1095 2387 1234 2458 visione.

213 2505 284 2573 llll.
307 2506 354 2573 Dc
373 2503 517 2593 ejusdem
545 2504 682 2573 visionis
699 2504 785 2593 apud
805 2504 931 2572 beatam
951 2503 1113 2571 faeminam
1132 2503 1302 2588 relatione,

169 2630 202 2688 et
221 2618 350 2686 turbine
371 2619 404 2685 in
423 2618 487 2704 via,
508 2628 540 2687 et
559 2618 780 2687 consolatione
799 2637 819 2685 a
837 2619 973 2707 puerulo
992 2618 1086 2685 lacta.

214 2731 253 2799 v.
276 2732 323 2799 De
341 2750 452 2799 eorum
473 2729 615 2798 adventu
636 2730 669 2817 in
690 2730 842 2799 insulam.
1330 2728 1373 2795 10

215 2843 268 2911 Vl.
291 2846 337 2914 De
357 2846 510 2935 mysterio
528 2845 610 2914 bene
630 2846 852 2915 conversandi.

215 2958 284 3027 llll.
311 2960 358 3028 De
386 2960 490 3047 primo
518 2959 588 3047 ejus
619 2960 712 3049 signo
741 2960 774 3027 in
803 2958 911 3027 insula
939 2956 973 3024 in
1001 2955 1180 3026 claudicato
1205 2956 1303 3025 fratre

171 3081 315 3141 ostenso.

214 3184 315 3275 [not.
339 3201 365 3255 ι
386 3191 437 3269 no]
457 3185 540 3253 lllll.
562 3187 608 3255 De
628 3184 814 3255 instruenda
834 3185 991 3254 oratione.
1083 3266 1089 3273 ¹

214 3298 313 3367 llllll.
335 3300 381 3367 lle
399 3299 544 3389 ejusdem
560 3300 778 3369 misericordia
796 3310 829 3368 et
847 3318 1027 3389 pauperum
1046 3298 1164 3369 affabili
1184 3318 1302 3369 conso·
1330 3298 1373 3366 ta

172 3412 306 3484 latione.

215 3528 256 3595 X.
278 3528 370 3611 Quod
395 3529 482 3599 aliud
505 3531 547 3599 sit
571 3531 657 3621 quod
682 3530 721 3607 de
744 3531 899 3599 doctrina
924 3552 984 3600 usu
1008 3540 1105 3621 atque
1125 3531 1303 3622 discipline

172 3643 374 3727 didiscimus,
395 3646 480 3715 uliud
501 3646 587 3736 quod
607 3647 647 3716 de
667 3647 821 3719 miraculo
840 3648 973 3715 scimus.

217 3757 272 3825 Xl.
293 3759 339 3826 lle
359 3760 454 3827 lratre
473 3759 611 3848 quodam
637 3760 849 3847 exprobrante
870 3772 902 3828 et
925 3760 1043 3829 virtute
1063 3760 1182 3829 ibidem
1206 3761 1301 3830 lacta.

216 3870 287 3939 Xll.
311 3872 355 3940 De
374 3875 445 3961 ejus
466 3872 645 3941 verecunda
664 3872 846 3943 bumilitate
865 3885 899 3942 et
921 3874 1068 3963 magistri
1087 3874 1304 3944 consolatoria
1329 3876 1374 3943 ab

173 3985 418 4054 ammonitione.

216 4100 302 4169 Xlll.
326 4102 371 4169 De
390 4101 620 4173 adherentibus
639 4103 772 4172 sanctis.

218 4214 318 4282 Xllll.
340 4216 387 4283 De
405 4214 550 4303 ‹p'usdem
571 4236 694 4300 sorore„
715 4216 766 4285 cui
785 4216 942 4285 amissum
964 4216 1105 4285 restituit
1122 4217 1265 4286 oculum.

217 4327 285 4395 xv.
308 4327 402 4410 ltem,
417 4328 458 4397 de
472 4327 611 4418 quodam
626 4330 758 4397 alumno
769 4329 967 4419 jamjamque
980 4330 1186 4416 moribundo,
1203 4350 1305 4398 aser·

174 4451 270 4530 pente
289 4454 467 4529 perempto,
489 4441 546 4511 sed
565 4442 605 4511 ab
624 4441 736 4511 eodem
756 4443 848 4531 quasi
868 4463 887 4513 a
905 4454 1009 4513 morte
1027 4443 1230 4513 resuscitato.
1331 4443 1375 4511 25
