3459 5667
862 969 1037 1042 CAPUT
1073 970 1152 1043 VII

477 1210 523 1276 Dc
538 1211 642 1293 primo
662 1210 728 1292 ejus
746 1210 889 1293 siponto
907 1212 1014 1276 incolo
1032 1214 1067 1277 io
1085 1213 1258 1278 cloudimto
1275 1215 1375 1295 fratrc
1393 1222 1527 1282 ostenso.

481 1446 560 1516 Post
576 1466 652 1517 uero
672 1467 738 1516 non
759 1447 893 1535 longum
912 1446 1083 1537 temporis,
1103 1447 1247 1537 predicto
1266 1460 1356 1537 patre
1374 1449 1509 1538 spiritali
1528 1450 1570 1519 ad

437 1562 598 1651 quendam
618 1562 726 1631 locum
749 1562 908 1631 orationis
931 1562 1035 1653 gmtia
1056 1570 1258 1651 transeunte,
1278 1563 1446 1651 discipulis
1463 1574 1571 1633 antem

437 1675 472 1742 in
496 1674 603 1744 insula
626 1676 761 1763 relictis,
787 1675 932 1763 magistri
959 1675 1229 1745 obtestationibus
1254 1687 1365 1766 utpote
1387 1676 1571 1746 constrictis

437 1809 479 1859 ne
510 1791 651 1881 aliquem
684 1791 963 1862 immoderationis
995 1793 1197 1862 incurrerent
1227 1794 1349 1879 lusum,
1384 1793 1471 1883 quod
1504 1812 1571 1861 non
1663 1828 1669 1836 ·

391 1900 413 1971 5
437 1904 493 1973 diu
513 1905 687 1975 servaturis
708 1932 716 1974 ε
738 1907 823 1994 (nam
842 1906 997 1996 antiquus
1014 1906 1141 1995 generis
1160 1907 1294 1975 humani
1313 1906 1481 1990 inimicus,
1497 1926 1572 1996 ger-

438 2019 564 2088 minum
584 2029 672 2089 sator
690 2019 863 2105 malorum,
883 2019 1002 2109 qnietis
1020 2039 1148 2109 semper
1167 2019 1310 2105 invidus,
1325 2037 1400 2088 sera
1418 2018 1572 2108 nequitiae
1602 2029 1605 2034 ⁴

438 2154 505 2203 sum
524 2134 626 2219 [not.
643 2149 699 2203 zo
720 2131 772 2223 νο]
791 2150 881 2201 arma
904 2132 937 2200 in
962 2132 1019 2201 Dei
1046 2132 1186 2202 famulos
1208 2132 1297 2201 mille
1318 2132 1457 2201 nocendi
1478 2152 1573 2201 euer-

439 2265 517 2315 cens
544 2245 682 2330 artibus,
711 2246 795 2313 sicut
817 2245 868 2313 leo
894 2244 1026 2334 rugiens
1049 2245 1159 2314 caulas
1187 2245 1296 2314 ovium
1322 2244 1573 2336 circumquaque

309 2370 317 2397 ·'
439 2361 509 2429 loco
535 2381 600 2450 quo
628 2360 717 2429 aditu
749 2360 907 2447 irrumpat
938 2360 1071 2428 absente
1101 2372 1229 2449 pastore
1260 2371 1482 2451 prospectans,
1510 2362 1573 2430 boc

370 2470 414 2539 to
439 2495 542 2545 unum
569 2475 658 2565 quod
684 2486 811 2544 tantum
837 2476 919 2544 forte
947 2476 1052 2563 potuit
1076 2476 1230 2545 velociter
1254 2476 1410 2561 ostendit,
1431 2476 1515 2545 sicut
1537 2476 1571 2544 in

439 2591 610 2661 beatoiob
628 2590 726 2658 etiam
750 2590 783 2657 in
809 2590 872 2657 hoc
895 2591 1067 2658 frustratur
1091 2590 1178 2679 quia,
1203 2590 1288 2659 sicut
1311 2589 1477 2659 abundant
1498 2608 1573 2678 pas-

440 2703 550 2773 siones
568 2704 686 2774 Christi
706 2704 739 2771 in
759 2704 867 2790 nobis,
889 2705 933 2773 ita
952 2705 1049 2774 etiam
1069 2716 1101 2774 ct
1124 2706 1378 2790 consolationes,
1398 2715 1432 2774 et
1451 2716 1573 2795 quanto

440 2818 664 2908 unusquisque
692 2818 940 2907 temptationum
973 2818 1155 2887 infunditur
1187 2819 1359 2904 imbribus,
1387 2819 1415 2888 si
1448 2839 1574 2907 semper

439 2935 676 3023 repugnaverit,
700 2945 791 3003 tanto
818 2934 921 3003 victor
943 2954 1062 3005 corona
1089 2935 1224 3004 confuso
1249 2934 1383 3003 inimico
1404 2932 1573 3003 redimitur

371 3040 415 3108 15
439 3048 560 3136 optima
581 3048 603 3135 ι)
625 3068 711 3117 unus
729 3067 840 3117 eorum
859 3048 975 3136 puerili
1000 3049 1106 3117 adhuc
1123 3049 1243 3117 florens
1267 3059 1375 3135 aetate,
1400 3068 1456 3137 per
1477 3048 1573 3136 plana

439 3161 623 3231 discurrens
641 3182 713 3229 cum
734 3161 928 3251 quibusdam
951 3162 1127 3231 levioribus
1149 3162 1349 3247 ludentibus,
1370 3162 1459 3230 senis
1478 3180 1572 3228 mun-

440 3273 550 3341 datnm
570 3273 834 3341 obliviscentibus
853 3285 922 3359 out,
943 3295 1028 3363 saepe
1047 3275 1144 3343 etiam
1164 3275 1261 3344 modo
1284 3276 1379 3363 solet,
1400 3294 1572 3366 proporro

439 3387 677 3475 reputantibus,
698 3388 763 3456 Deo
788 3388 995 3477 permittente
1019 3409 1061 3458 ne
1084 3389 1282 3459 sanctissimi
1307 3390 1410 3459 uirtus
1432 3411 1498 3460 uon
1517 3410 1572 3459 os-

440 3514 532 3571 tensa
560 3502 695 3589 diutins,
717 3509 814 3585 [not.
831 3502 901 3594 τι]
921 3503 1006 3572 sicut
1024 3504 1058 3571 in
1078 3525 1230 3593 processu
1257 3506 1355 3593 bujus
1384 3503 1492 3593 operis
1514 3502 1571 3571 de-

370 3609 416 3679 20
440 3619 684 3703 monstrabitur,
713 3618 884 3687 abderetur
911 3619 1110 3706 bominibus,
1136 3640 1230 3689 crure
1259 3621 1430 3709 perfracto,
1454 3636 1572 3707 magno

440 3732 609 3802 confestim
628 3752 704 3801 casu
718 3734 854 3801 afflictus
873 3743 941 3818 cst,
958 3734 1131 3822 statimqne
1150 3734 1238 3802 luctu
1254 3754 1327 3802 cum
1342 3734 1451 3803 dolore
1465 3730 1572 3801 cordis

440 3846 543 3915 nimio
565 3846 656 3915 lusus
680 3845 856 3934 permixtus
880 3856 943 3931 est,
968 3856 1000 3915 et
1028 3867 1125 3915 omne
1148 3867 1203 3915 cor
1231 3847 1388 3935 maiorum
1420 3846 1518 3916 etium
1539 3852 1573 3912 et
1645 3864 1650 3871 ·

440 3964 603 4033 minorum
622 3962 805 4032 vehementi
830 3983 956 4032 merore
975 3965 1158 4052 perculsum
1182 3974 1232 4034 est
1250 3965 1369 4052 pariter
1391 3975 1422 4031 et
1440 3981 1568 4051 pavore.

485 4077 607 4145 Omnes
625 4076 711 4145 enim
725 4087 870 4165 quoquot
888 4075 1022 4145 aderant
1042 4076 1074 4144 in
1097 4098 1196 4145 unum
1215 4077 1412 4167 congregati,
1427 4087 1459 4146 et
1474 4096 1569 4166 pmp-

372 4189 416 4257 25
442 4201 489 4259 ter
506 4191 618 4259 laesum
638 4209 771 4279 puerum
791 4190 998 4259 vehementer
1016 4190 1125 4259 tristes
1144 4191 1261 4278 effecti,
1278 4202 1310 4259 ct
1326 4189 1462 4258 manime
1477 4208 1570 4277 prop·

441 4307 595 4376 tersenis
622 4306 827 4375 interdictum
856 4306 972 4374 timore
997 4305 1159 4394 concussi,
1189 4306 1313 4374 vultum
1340 4305 1411 4395 ejus
1436 4304 1570 4374 omnino

441 4420 549 4492 uidere
570 4420 808 4510 erubescentes,
831 4418 973 4489 lacrimis
998 4419 1133 4509 lugubre
1161 4418 1261 4489 infusi
1291 4419 1435 4510 querulis
1462 4418 1584 4507 plora(
