3459 5667
644 624 821 692 ..47-

167 769 349 840 mercedem
369 765 470 835 illisa
489 760 617 834 Christo
637 764 871 852 optatissimam
892 756 1123 850 promittendo,
1139 756 1179 826 ad
1198 756 1297 826 uitam

167 904 277 954 secum
298 884 400 968 [nol.
418 894 470 949 u
494 876 546 968 v⁰]
566 876 703 946 ducebat
726 877 967 965 sempiternam.
989 874 1030 941 Et
1048 872 1205 962 quosdam
1225 871 1299 960 qui-

168 999 242 1067 dem
269 995 428 1081 uolentes,
449 992 608 1082 quosdam
632 1003 740 1061 autem
760 991 921 1076 nolentes,
943 988 1070 1056 nullum
1088 998 1196 1055 autem
1216 1004 1299 1075 pene

167 1112 326 1181 intactum
354 1108 554 1196 relinquens,
577 1126 691 1174 omnes
714 1105 844 1173 tandem
874 1101 1033 1171 convertit
1055 1100 1096 1169 ad
1118 1100 1295 1169 Christum.

167 1226 273 1314 Hujus
291 1243 367 1311 ergo
385 1221 445 1289 viri
465 1219 726 1288 excellentissimi
750 1218 903 1307 opinione
922 1217 1018 1305 longe
1036 1215 1298 1309 latequedilinsa
1348 1216 1371 1283 5

168 1338 335 1422 incitatuS,
351 1334 471 1403 dillerri
487 1354 522 1401 se
537 1332 602 1401 nisi
622 1352 723 1421 usquc
743 1333 776 1401 in
791 1331 965 1400 crastinam
985 1329 1072 1398 diem
1091 1348 1187 1416 posse
1205 1328 1296 1395 nullo

169 1453 265 1522 modo
293 1451 438 1538 molitur,
468 1449 525 1518 sed
557 1470 631 1517 cum
662 1448 896 1517 mercatoribus
920 1446 1135 1515 transmarina
1165 1444 1299 1533 negocia

168 1563 444 1653 ausportantibus,
460 1574 593 1631 ventum
608 1562 641 1629 in
656 1573 751 1651 portu
765 1581 916 1631 serenum
929 1558 1184 1649 expectantibus,
1200 1555 1298 1623 simul

168 1676 315 1769 pergeret
333 1687 365 1745 et
383 1676 627 1763 transmigraret
641 1674 681 1743 ad
701 1676 827 1744 Scotos.

212 1796 289 1864 llaec
306 1804 414 1863 autem
433 1813 471 1861 eo
490 1793 664 1881 cogitante,
681 1794 828 1883 apparuit
842 1793 872 1861 ei
891 1791 1003 1861 eadem
1018 1801 1112 1860 nocte
1126 1790 1159 1857 in
1176 1788 1299 1858 somnis
1328 1792 1371 1862 10

167 1910 217 1979 uir
236 1910 530 2000 splendidissimus,
551 1912 642 1997 quasi
661 1909 773 1977 babitu
791 1909 957 1997 angelicus
980 1918 1013 1975 et
1031 1907 1124 1997 quasi
1143 1906 1176 1973 in
1196 1905 1300 1993 capite

168 2036 353 2113 coronatus,
369 2034 402 2092 et
416 2023 497 2091 dixit
510 2024 540 2093 ei
557 2051 564 2092 :
585 2052 600 2085 <r
619 2025 736 2093 Sancte
751 2023 809 2092 Dei
824 2023 1037 2108 Uuinuaioee,
1051 2020 1186 2110 vigilas?
1204 2048 1218 2081 a
1236 2018 1299 2102 Qui

168 2138 335 2226 respondit
359 2166 367 2205 z
395 2165 411 2197 r
432 2135 516 2205 Ecce
544 2136 676 2220 adsum,
703 2136 777 2226 quis
802 2156 836 2205 es
857 2146 907 2223 tu,
935 2121 1128 2203 dominel»
1150 2135 1193 2202 At
1212 2133 1296 2201 ille:

171 2280 186 2313 a
204 2254 327 2339 Frater,
343 2250 462 2339 inquit,
477 2250 658 2337 karissime,
674 2270 741 2318 non
757 2249 800 2319 sit
813 2249 871 2317 tibi
887 2268 963 2317 cura
975 2257 1067 2318 tanta
1080 2256 1210 2317 enatare
1228 2264 1299 2313 ma-

168 2367 228 2454 ria,
244 2375 334 2434 tauta
352 2374 508 2433 terrarum
533 2355 756 2452 perambulare
780 2364 894 2452 spatia.
921 2363 990 2451 Ego
1015 2370 1112 2445 [not.
1136 2367 1202 2443 ss]
1226 2380 1299 2428 sum
1328 2362 1371 2431 15

168 2478 338 2564 Patricius,
358 2498 454 2566 quem
474 2478 565 2566 cupis
579 2476 684 2565 adire,
705 2477 773 2546 noli
792 2476 911 2545 vexari.
928 2476 1046 2544 Omnia
1062 2495 1199 2564 quaeque
1213 2473 1299 2541 desi-

168 2595 262 2663 deras
279 2613 378 2662 nosse
396 2592 431 2660 in
450 2592 520 2661 solo
533 2591 653 2679 alieno,
670 2592 792 2681 poteris
806 2601 838 2661 et
856 2592 890 2660 in
910 2601 967 2661 tuo
985 2610 1122 2659 manens
1136 2610 1193 2677 pro
1211 2598 1299 2657 certo
1395 2610 1399 2619 ·

168 2708 262 2777 scire.
279 2705 343 2776 Sed
360 2706 414 2774 bic
433 2726 499 2775 non
519 2707 658 2774 multum
673 2705 883 2791 inhabitabis,
898 2725 974 2774 nam
994 2707 1082 2773 Deus
1099 2704 1169 2793 ipse
1187 2703 1300 2772 Chris-

167 2832 235 2907 tus,
256 2832 330 2889 cum
344 2819 412 2908 jam
431 2819 477 2887 ita
494 2820 550 2905 sit,
566 2818 720 2907 magister
737 2821 783 2887 tui
803 2817 916 2887 aderit.
936 2818 1000 2899 Cur
1019 2818 1168 2887 Christus
1187 2817 1297 2886 sedem

168 2935 230 3005 sibi
249 2932 441 3019 dedicatam,
457 2931 491 3000 id
509 2942 559 3001 est
579 2941 693 3020 pectus
712 2932 831 3000 servuli
851 2932 915 3018 sui,
932 2930 1101 3001 odoriferis
1119 2931 1209 2998 mirae
1228 2930 1301 3018 pul·
1327 2938 1372 3007 20

167 3045 338 3117 critudiuis
357 3066 424 3114 non
443 3046 604 3133 sculperet
618 3055 650 3114 et
668 3053 839 3113 exornaret
852 3044 1002 3133 gemmis,
1017 3044 1050 3112 id
1064 3054 1126 3129 est,
1140 3044 1298 3112 virtutum

166 3160 396 3229 nutrimentis?
414 3159 521 3227 Habes
534 3160 647 3246 Vetus,
664 3179 731 3227 non
746 3160 868 3245 nescio,
885 3169 916 3226 et
930 3160 1056 3228 Novum
1070 3179 1144 3235 eum
1164 3158 1299 3228 scientia

168 3276 265 3344 docili
284 3276 545 3359 Testamentum3
566 3273 601 3341 in
620 3273 672 3341 bis
691 3278 818 3362 semper
836 3283 869 3341 ct
886 3293 959 3361 quae
976 3293 1014 3341 ex
1033 3272 1163 3341 illorum
1182 3272 1300 3340 radici-

165 3388 229 3457 bus
248 3389 431 3478 germinant
458 3388 529 3456 vive
552 3397 585 3455 et
609 3387 764 3456 meditare
786 3412 794 3454 :
815 3387 916 3455 nichil
936 3386 1035 3473 aliud,
1056 3387 1129 3456 dico
1149 3387 1218 3474 tibi,
1239 3408 1300 3455 ne-

166 3522 256 3571 eesse
271 3510 321 3569 est
335 3500 550 3590 querendum.
564 3500 672 3568 Habes
686 3508 719 3568 et
734 3499 993 3569 amantissimum
1008 3511 1192 3589 patronum,
1208 3502 1300 3590 cujus
1327 3507 1372 3576 25

167 3617 275 3686 dulcia
293 3615 387 3706 quasi
406 3614 525 3685 melin
549 3635 604 3685 ore
624 3625 680 3684 tuo
705 3634 831 3703 semper
854 3616 1001 3684 redolent
1018 3616 1130 3700 rerba3
1150 3614 1250 3681 babes
1268 3622 1301 3680 et

168 3734 285 3819 nostri,
306 3752 402 3821 quern
433 3731 541 3799 vidisti
572 3742 604 3800 et
622 3730 754 3818 audisti,
776 3750 938 3800 normam.
959 3732 1075 3820 Igitur,
1099 3731 1184 3798 banc
1202 3728 1300 3798 etiam

168 3864 322 3935 sequens,
348 3844 405 3915 sed
432 3855 541 3914 tamen
570 3845 623 3914 bic
655 3865 721 3913 non
751 3846 847 3935 longe
875 3846 1125 3928 inhabitaturus,
1146 3844 1246 3910 babes
1269 3851 1301 3909 et

168 3959 202 4027 in
228 3969 285 4029 tua
314 3960 399 4049 quod
424 3960 555 4027 volebas
578 3978 711 4047 querere
736 3959 838 4045 [not.
860 3974 915 4026 ss
937 3965 987 4040 vo]
1013 3958 1047 4026 in
1069 3958 1175 4025 aliena
1198 3967 1295 4024 terra.

167 4074 216 4141 Ne
231 4073 327 4161 ultra,
342 4093 457 4161 queso,
469 4091 611 4162 quaeras3
627 4072 683 4142 sed
698 4055 790 4158 rade,
807 4092 907 4160 quere
921 4072 1028 4140 locum
1043 4092 1117 4140 cum
1132 4070 1203 4139 aliis
1219 4089 1301 4158 quos
1329 4071 1373 4141 30

168 4187 228 4254 tibi
247 4186 371 4256 dederit
383 4188 535 4277 magister
549 4197 640 4273 tuus,
656 4201 729 4275 apte
742 4186 813 4274 tibi,
828 4186 913 4255 sicut
930 4185 1000 4274 ipse
1015 4186 1089 4272 scit,
1106 4184 1302 4254 convenien-

169 4298 268 4367 tibus.
285 4298 349 4368 Sed
368 4300 497 4369 illorum
517 4310 680 4369 memento
704 4309 736 4369 et
756 4299 894 4369 aliorum
913 4301 947 4368 in
962 4302 1072 4369 futuro
1089 4300 1301 4387 plurimorum

171 4412 248 4507 quia
275 4412 385 4485 doctor
414 4424 446 4485 et
472 4413 537 4484 dux
564 4414 641 4486 cris.
662 4414 770 4485 Nostri
799 4426 909 4485 tamen
931 4414 1125 4506 presentiam
1144 4423 1301 4508 quantum
