3459 5667
617 591 793 660 ..qg..

140 729 315 818 dumisque
333 728 531 818 rupibusque
550 730 716 800 acerrimis
734 740 767 798 et
789 728 943 817 precelsis
961 729 1131 818 aggeribus
1149 749 1188 798 ex
1207 749 1273 799 uno

139 844 244 936 [uer.
267 861 320 914 aa
341 840 394 932 m]
421 843 520 912 latere
544 843 809 932 circumseptum,
835 863 876 912 ex
903 843 1003 912 altero
1028 863 1105 912 aero
1134 843 1211 912 mari
1242 852 1275 912 et

140 959 240 1028 flavio
260 957 481 1026 terminatam.

190 1071 288 1160 Nam,
322 1083 359 1140 at
388 1074 477 1142 verbi
508 1075 610 1164 gratia
640 1075 712 1165 ejas
744 1073 916 1143 formulam
950 1073 1045 1162 longe
1077 1072 1275 1142 distantibus

140 1189 334 1277 exprimam,
363 1213 420 1280 per
451 1201 555 1261 totam
586 1193 626 1260 ab
657 1192 806 1260 orientali
834 1201 867 1261 et
896 1190 1028 1260 australi
1057 1210 1117 1258 nec
1149 1210 1215 1257 non
1243 1197 1275 1257 et
1322 1175 1373 1252 δ’

140 1304 318 1391 aquilonali
351 1306 444 1395 plaga
470 1305 550 1373 mari
579 1305 739 1394 profando
771 1305 924 1394 cingitur,
954 1305 1042 1372 velat
1073 1322 1168 1372 arcus
1199 1323 1274 1371 cum

140 1417 283 1484 maxima
306 1419 463 1504 tenditur,
483 1418 610 1487 relleais
633 1419 770 1488 interius
791 1418 931 1507 geminis
954 1417 1119 1503 cornibaS,
1145 1415 1199 1483 abi
1226 1415 1275 1482 lo-

142 1550 219 1598 cam
242 1531 326 1599 inter
344 1542 475 1600 montes
493 1533 689 1601 invenerant
707 1532 871 1619 sinuosos,
896 1531 929 1598 id
953 1542 1002 1600 est
1026 1551 1065 1599 er
1088 1528 1218 1598 australi
1244 1538 1277 1597 et

143 1644 321 1732 aquilonali
344 1646 439 1735 plaga
464 1646 629 1735 aequaliter
649 1656 887 1735 procurratam.
913 1646 1158 1714 abominante
1185 1664 1274 1729 vero,

143 1758 280 1826 saltibus
306 1761 488 1828 montaneis
506 1761 546 1829 de
571 1761 650 1829 mari
670 1761 710 1828 ad
737 1780 825 1830 mare
843 1760 936 1848 quasi
964 1780 1082 1828 nervas
1101 1759 1185 1826 inter
1211 1758 1275 1826 duo
1303 1748 1364 1822 lO‘

143 1890 239 1940 arcas
258 1892 379 1941 cornua
398 1874 539 1942 directas
553 1876 746 1943 transversis
765 1875 975 1962 superfertur,
993 1872 1146 1961 paulatim
1161 1871 1276 1940 Orien·

142 1993 211 2051 tem
242 2004 354 2054 versas
382 2007 440 2074 per
466 1987 601 2055 declivia
627 1988 747 2057 montis
774 1988 958 2076 delapsas:
990 2009 1029 2056 ex
1058 2007 1121 2076 qaa
1150 1996 1277 2055 tantam

143 2108 249 2185 parte,
277 2098 310 2166 id
340 2109 391 2198 est
414 2100 617 2187 occidentali,
642 2102 795 2169 introitus
821 2111 872 2169 est
898 2101 959 2170 loci
988 2101 1087 2187 illius,
1113 2110 1276 2170 ettamen

143 2231 214 2279 non
241 2212 426 2299 facillimas,
447 2235 503 2302 per
525 2216 706 2284 declivioris
724 2217 846 2284 montis
865 2223 951 2299 [aas.
978 2232 1026 2301 Β,
1051 2228 1124 2285 for.
1150 2233 1204 2284 aa
1228 2219 1278 2297 νο]
1351 2282 1356 2294 ,

144 2327 298 2397 litoream
326 2330 411 2398 latus
434 2350 552 2419 gyrans
579 2342 611 2400 et
636 2333 802 2402 declinans
825 2333 866 2401 ad
890 2343 1049 2417 austrum,
1069 2352 1205 2421 pergens
1238 2332 1277 2399 ad
1305 2329 1348 2398 lb

146 2442 336 2511 orientalem
360 2445 463 2512 sancti
492 2466 579 2514 nanc
606 2447 792 2514 monasterii
820 2456 957 2534 portam.
988 2447 1068 2513 Nam
1095 2445 1191 2514 facies
1209 2445 1278 2535 ojus

146 2575 275 2644 semper
298 2557 338 2624 ad
365 2557 529 2626 Orientem
553 2579 666 2628 versas
689 2559 830 2647 respicit,
860 2569 893 2627 et
919 2559 1009 2626 nulla
1035 2557 1098 2626 nisi
1123 2576 1187 2626 aaa
1214 2559 1278 2626 cir-

147 2671 365 2739 cumcluditur
394 2683 497 2760 porta.
526 2675 626 2744 Fossa
655 2694 794 2762 namque
822 2684 854 2743 et
882 2673 1065 2741 montaneis
1094 2693 1168 2741 cum
1198 2691 1277 2759 rape

148 2784 241 2853 silvis
268 2806 306 2854 er
333 2785 429 2856 dorso
454 2788 619 2877 jungitur,
649 2809 743 2859 maro
771 2798 880 2857 autem
908 2788 943 2855 in
970 2788 1051 2855 facie
1077 2797 1279 2873 aratroque

147 2911 247 2988 porte·
266 2902 365 2971 latere
389 2906 535 2973 munitur
560 2936 567 2974 :
594 2927 633 2975 ex
659 2906 733 2995 qais
760 2905 889 2974 daobas
912 2905 1063 2972 cornibus
1089 2904 1121 2971 in
1143 2903 1277 2992 longum
1302 2896 1348 2966 20

147 3015 241 3103 quasi
261 3014 336 3083 bine
351 3036 543 3106 sagenarum
563 3020 622 3088 alae
641 3019 872 3088 extendantur.
890 3019 963 3086 Haec
978 3030 1028 3086 est
1046 3018 1156 3106 itaque
1175 3017 1278 3106 prima

148 3129 200 3196 ala
217 3140 350 3216 pontus,
365 3131 406 3197 ad
426 3131 565 3201 Circium
585 3133 816 3222 Orientemqae
831 3153 944 3201 versas
963 3142 995 3201 et
1010 3143 1122 3200 contra
1140 3131 1278 3200 estivam
1375 3179 1382 3192 .

149 3241 229 3310 solis
247 3262 396 3312 occasum
415 3244 626 3314 descendens.
649 3246 798 3314 Secunda
816 3256 924 3314 autem
949 3246 999 3313 ala
1017 3245 1135 3312 flarius
1153 3245 1278 3332 predic-

149 3365 204 3423 tas
222 3367 285 3441 est,
305 3357 345 3424 ad
363 3358 488 3426 Eurum
507 3379 564 3446 per
582 3358 743 3428 llexaosos
762 3359 927 3427 anfractas
950 3358 1206 3447 Flavoniumque
1225 3377 1277 3428 as-

150 3469 292 3537 cendens
324 3480 356 3538 et
387 3483 499 3540 contra
530 3473 668 3542 estivam
697 3472 775 3542 solis
806 3482 928 3562 ortam,
957 3472 1128 3562 usquead
1159 3473 1280 3541 montis
1304 3466 1348 3536 25

149 3583 268 3672 Araegi
286 3585 397 3654 latera.

196 3700 284 3770 lnest
314 3702 413 3792 igitur
444 3703 530 3772 inter
561 3706 740 3793 predictam
772 3726 861 3777 mare
889 3715 1068 3792 arcuatam,
1098 3703 1132 3773 id
1163 3713 1213 3774 est
1245 3702 1280 3772 in

150 3815 285 3885 modam
318 3834 412 3885 arcas
449 3818 636 3905 formatam,
670 3830 703 3889 et
740 3821 860 3889 saltam
893 3830 1100 3889 montaneam
1138 3818 1171 3886 in
1209 3838 1281 3886 mo-

150 3929 231 3997 dam
250 3929 308 3997 lini
331 3948 351 3998 a
372 3929 456 3998 mari
479 3930 634 4000 llamineo
658 3933 791 4000 australi
812 3932 974 4023 usquead
994 3931 1176 4021 aquilonale
1195 3950 1282 4000 mare

150 4053 386 4133 transuersam,
420 4045 512 4115 locas
540 4046 673 4134 quidam
701 4049 831 4138 apricus
854 4059 888 4118 et
913 4047 1165 4132 amoenissimus,
1185 4058 1282 4136 atque
1307 4048 1351 4118 30

152 4159 194 4226 ab
225 4160 314 4229 omni
345 4179 428 4250 peno
458 4172 574 4248 vento,
608 4174 740 4250 excepto
773 4163 940 4252 paululum
973 4161 1137 4248 orientali,
1172 4160 1281 4228 intan·
1339 4225 1341 4232 .

154 4273 275 4362 gibilis,
296 4281 355 4359 ln,
385 4286 458 4343 rar.
484 4281 553 4358 aa]
574 4275 664 4344 velat
686 4276 816 4364 quidam
836 4276 1003 4364 paradisus
1021 4276 1061 4342 ad
1080 4285 1186 4343 ortam
1205 4272 1283 4342 solis

154 4389 324 4479 splendide
347 4392 553 4482 conspicuas,
578 4393 720 4482 primam
743 4393 890 4485 singulos
918 4413 974 4483 per
1000 4411 1117 4466 annos¹
1131 4392 1227 4461 tiores
1249 4397 1283 4488 et

1124 4511 1140 4564 o
