3459 5667
930 650 1119 719 -rro-

961 972 1087 1042 XLVIII

869 1211 917 1280 De
940 1232 1033 1280 rursu
1056 1211 1174 1279 Trous.

504 1460 581 1531 Ilaeo
597 1468 684 1531 carta
700 1459 821 1531 indicat
839 1458 926 1551 quod
949 1460 1084 1548 Alanus,
1104 1480 1213 1531 comes
1237 1460 1356 1531 nobilis
1378 1461 1583 1532 Cornubien-

460 1574 544 1643 sium
574 1575 723 1663 pardum,
753 1596 811 1667 pro
838 1575 1059 1665 redemptione
1084 1576 1201 1645 animae
1231 1597 1298 1645 snae
1326 1586 1360 1645 et
1388 1576 1584 1667 longevitate

460 1690 627 1779 utriusque
654 1689 739 1774 vitae,
769 1710 841 1759 oum
870 1671 1093 1761 ambulaturus
1119 1690 1152 1759 in
1179 1689 1337 1780 adjutorio
1366 1690 1461 1759 Alani
1491 1691 1584 1762 donis

459 1804 634 1873 Britanniae
652 1815 762 1873 eontra
783 1804 993 1873 Normannos'
1012 1815 1206 1894 properaret,
1229 1803 1318 1873 dedit
1343 1816 1455 1875 saneto
1476 1806 1582 1876 Uuln-

411 1921 434 1989 b
458 1920 592 2010 gualoeo
611 1904 779 2009 quandam
792 1919 910 1988 tribum
929 1918 1060 1989 nomine
1083 1920 1161 1989 Trel
1179 1918 1301 1998 Tndoo,
1322 1919 1355 1987 in
1374 1921 1474 1991 Plueu
1493 1921 1582 1991 Neu-

459 2036 541 2126 gued
569 2036 601 2103 in
632 2036 712 2122 Pon,
740 2056 796 2125 per
823 2036 1065 2105 affirmationem
1090 2057 1157 2106 suae
1185 2035 1395 2105 nobiIIssimae
1418 2037 1581 2126 conjugis,

459 2147 565 2217 Iudett
584 2148 727 2235 nomine,
748 2149 952 2238 militumque
969 2169 1116 2233 snorum,
1140 2168 1247 2217 noram
1272 2150 1383 2218 multis
1408 2149 1545 2230 testibus
1569 2178 1579 2219 z

459 2263 659 2351 Gnrlonnen,
696 2265 873 2333 monachus
904 2264 1005 2333 sancti
1033 2264 1259 2352 Uuingualoei,
1293 2263 1399 2350 testis;
1435 2263 1581 2333 Vbelueu

458 2378 626 2468 presbiter,
659 2380 767 2467 testis;
799 2378 969 2448 Illaelucun
993 2378 1174 2466 presbiter,
1207 2378 1316 2464 testis;
1353 2378 1581 2449 Loesuuetben

389 2494 433 2562 tb
458 2496 626 2587 presbiter,
647 2496 749 2567 testis.

969 2726 1068 2795 XLIX

500 2980 557 3049 lIae
584 2980 698 3049 litterae
724 2988 857 3047 narrant
881 2977 968 3068 quod
990 2976 1079 3046 dedit
1100 2976 1225 3045 Alanus
1245 2994 1355 3045 eomes
1378 2973 1460 3045 Caer
1481 2974 1581 3043 blillae

455 3104 566 3163 snneto
596 3093 814 3182 Uuingonloeo
846 3092 880 3160 in
913 3090 1157 3176 dieumbitione,
1189 3097 1287 3173 [ποι.
1311 3095 1406 3172 m]
1438 3088 1514 3178 quia
1539 3088 1578 3157 in

454 3209 592 3300 quodam
611 3209 680 3279 viee
698 3207 820 3297 adJuvit
837 3228 911 3277 eum
929 3206 970 3275 de

1001 3524 1027 3593 L

498 3778 616 3849 Notum
645 3778 688 3847 sit
715 3777 869 3847 omnibus
894 3786 960 3845 tam
988 3774 1193 3865 presentibus
1216 3794 1314 3866 qnam
1336 3774 1475 3865 posteris
1491 3774 1579 3864 qnod

387 3887 429 3956 lb
454 3891 591 3979 Alanus,
612 3892 778 3963 Britannis
796 3912 919 3977 comes,
934 3890 1022 3959 dedit
1035 3901 1148 3961 saneto
1163 3891 1384 3981 Uuingualoeo
1397 3889 1578 3980 pomarium

454 4006 540 4097 quod
560 4006 708 4093 babebat,
724 4007 823 4075 situm
839 4007 931 4096 juxta
949 4017 1089 4075 castrum
1107 4005 1193 4096 quod
1213 4018 1344 4075 vomrur
1362 4004 1530 4089 Castellin,
1542 4013 1578 4073 et

454 4122 591 4192 sclusam
611 4143 685 4191 cum
704 4120 899 4191 molendinIs
917 4121 950 4190 in
969 4141 1006 4192 ea
1026 4121 1109 4205 sitis,
1130 4131 1279 4190 ettotam
1300 4120 1494 4211 plsenturam
1514 4119 1576 4189 sibi

454 4236 679 4327 rependentem,
699 4238 732 4305 iu
752 4237 961 4307 elemosinam
981 4258 1038 4328 pro
1057 4238 1164 4306 anima
1183 4256 1242 4306 sua
1261 4247 1294 4306 et
1312 4247 1480 4327 parentum
1499 4255 1577 4305 sno·

454 4377 538 4426 rum.
555 4355 646 4425 Hane
663 4354 869 4431 donationem
891 4356 1028 4424 brmavit
1046 4356 1115 4445 ipse
1128 4376 1236 4425 eomes
1254 4356 1289 4423 in
1302 4354 1442 4445 capitulo
1462 4372 1576 4442 supra-

384 4471 429 4539 ab
454 4472 529 4542 dieti
549 4471 664 4561 saneti,
685 4481 717 4540 et
735 4470 843 4560 posuit
861 4488 959 4539 manu
984 4489 1042 4541 sua
1061 4491 1158 4561 super
1183 4471 1284 4540 altare
1306 4487 1414 4538 noram
1441 4467 1575 4537 testibus
