3459 5667
926 605 965 617 ..
991 569 1035 635 74
1057 604 1101 619 .-

444 703 555 772 dinem
575 730 584 773 ε
606 703 698 793 cujus
716 703 782 773 vita
795 705 958 793 preterita,
975 726 1047 794 quae
1061 713 1183 795 quanto
1208 703 1332 774 dulcior
1351 706 1453 775 luerat
1474 705 1521 775 illi
1538 707 1577 775 in

444 816 619 906 peccando,
640 826 730 885 tanto
749 818 890 885 amarior
907 820 1074 888 constabat
1093 819 1126 886 in
1145 818 1344 907 poenitendo,
1360 829 1392 888 et
1407 829 1577 909 propterea

444 930 579 999 forsitan
611 930 711 998 cineri
743 932 924 1000 amaritudo
948 933 1147 1021 poenitentiae
1171 932 1330 1020 potuisset
1356 935 1533 1022 comparari
1562 963 1570 1002 ε

444 1045 653 1114 historialiter
671 1056 792 1132 tamen,
809 1058 938 1134 propter
955 1068 1021 1117 suae
1036 1049 1251 1117 addictionem
1267 1049 1372 1118 carnis
1391 1059 1423 1117 et
1441 1050 1574 1138 majoris

395 1162 417 1232 5
445 1159 520 1228 inde
546 1178 566 1227 a
589 1161 656 1228 [too
675 1180 764 1246 spem
787 1161 1022 1246 retributionis,
1049 1161 1199 1250 intelligit
1223 1163 1334 1230 voluit.
1364 1163 1573 1232 Pulmentum

383 1304 386 1308 ⁸
444 1295 574 1364 quoque
593 1275 665 1363 ejus
683 1275 745 1343 hoc
762 1285 830 1342 erat
845 1304 853 1342 ε
870 1276 1027 1344 ferculum
1046 1298 1084 1344 ex
1104 1277 1216 1346 eadem
1236 1278 1337 1344 larina
1355 1277 1499 1366 predicta
1517 1286 1575 1344 aut

443 1413 484 1461 cn
510 1392 651 1460 oleribus
678 1393 859 1461 conlectum
890 1394 947 1462 scd
975 1393 1063 1462 nulla
1095 1395 1331 1484 impinguatum
1362 1395 1571 1485 pinguedine,

443 1506 508 1575 nisi
535 1517 660 1576 tantum
690 1509 815 1577 modice
840 1508 882 1577 de
910 1527 1004 1578 caseo
1034 1529 1091 1598 per
1119 1529 1235 1601 aquam
1264 1511 1394 1581 decocto
1422 1511 1574 1579 utebatur

442 1620 574 1689 sabbato
594 1632 625 1690 et
644 1622 807 1692 dominico
822 1623 884 1692 dic.
901 1623 1023 1692 Eodem
1038 1645 1168 1713 quoque
1183 1625 1234 1692 die
1248 1635 1280 1692 et
1294 1644 1426 1713 paucos,
1442 1633 1573 1712 proptor

373 1731 417 1800 to
443 1745 586 1802 sanctam
603 1736 883 1804 Resurrectionem
902 1738 1130 1824 venerandam,
1147 1737 1318 1825 pisciculos
1333 1737 1491 1806 sumebat.
1508 1737 1572 1806 Sed

442 1869 548 1937 neque
566 1868 696 1917 carnem
715 1850 852 1938 alicujus
871 1849 1088 1938 quadrupedis
1106 1861 1162 1920 aut
1186 1852 1283 1918 etiarn
1302 1850 1442 1919 volucris
1461 1869 1570 1918 corne-

442 1962 548 2031 dendo
577 1963 696 2051 tetigit,
723 1984 783 2032 nec
810 1964 1040 2051 pinguedinem
1071 1983 1109 2031 ex
1138 1963 1185 2032 eis
1212 1965 1245 2030 in
1270 1984 1399 2032 omnem
1428 1963 1570 2050 suscepit

442 2098 551 2161 usum,
576 2078 641 2146 nisi
664 2078 750 2166 quod
774 2078 814 2146 de
838 2078 920 2146 lacte
943 2078 1024 2146 effici
1045 2087 1166 2167 posset,
1192 2087 1224 2147 et
1247 2079 1309 2148 hoc
1332 2089 1439 2148 tamen
1463 2078 1570 2146 solum

442 2190 495 2258 his
512 2191 664 2278 predictis
682 2191 808 2259 diebus.

861 2516 1036 2591 CAPUT
1067 2517 1147 2590 XII

439 2760 487 2827 Dc
504 2778 614 2841 genero
629 2765 722 2841 potus
743 2759 822 2842 ojus,
842 2765 872 2822 ct
895 2759 930 2823 de
954 2758 1020 2840 ojus
1043 2760 1225 2823 monosterii
1247 2760 1422 2823 arctissimo
1440 2775 1568 2824 convcr-

481 2877 601 2951 ,sutionc
620 2893 716 2956 usquc
734 2875 777 2938 od
794 2893 916 2940 uanum
935 2875 1127 2940 Htudouuici
1140 2875 1275 2956 piissimi
1293 2875 1487 2956 imperatoris
1506 2877 1568 2938 im-

481 2992 563 3072 perii
581 2992 738 3073 quintum.

370 3227 413 3294 lb
484 3228 793 3306 [n‚ro1.uv⁰]
820 3221 977 3290 Poculum
1004 3242 1132 3312 quoque
1159 3243 1234 3291 curn
1260 3221 1486 3308 amaritudine,
1517 3241 1567 3290 se-

438 3336 581 3405 cundum
605 3337 744 3406 cundem
768 3339 959 3426 prophetam
984 3338 1132 3406 sumebat
1151 3337 1310 3405 dicentem
1333 3367 1340 3404 ι
1361 3341 1406 3404 Et
1420 3341 1569 3420 poculum

437 3471 541 3517 mcum
562 3473 634 3517 cum
660 3455 738 3536 {ictu
760 3455 939 3520 miscebam.
967 3453 1104 3534 Quando
1133 3453 1220 3520 enirn
1251 3453 1324 3541 quis
1353 3472 1390 3519 eu
1419 3450 1569 3519 recorda-

438 3565 527 3633 tione
553 3564 662 3632 delicti
690 3565 739 3632 sui
768 3566 906 3652 perfecte
934 3567 1175 3654 compungitur,
1200 3566 1279 3633 illud
1305 3563 1454 3654 iniquum
1483 3562 1568 3652 quod

437 3676 667 3745 delectabiliter
696 3677 797 3766 gessit
826 3670 975 3746 debiliter
1008 3679 1146 3766 plangit,
1179 3688 1212 3747 et
1248 3680 1309 3746 boc
1346 3687 1395 3746 est
1432 3677 1567 3745 miscere

253 3779 257 3790 ¹
367 3796 412 3864 20
437 3811 511 3858 cum
530 3792 607 3859 lletu
626 3791 788 3879 poculum.
810 3792 915 3880 Hujus
934 3803 1042 3860 autern
1062 3791 1231 3860 commatis
1251 3800 1284 3859 et
1302 3789 1480 3860 secundum
1500 3789 1567 3858 his·

438 3905 552 3973 toriam
576 3916 609 3973 ct
639 3907 818 3975 secundum
843 3907 945 3976 etiam
974 3906 1160 3974 interiorem
1191 3926 1325 3974 sensum
1355 3903 1568 3993 prudentissi-

438 4040 511 4087 mus
543 4019 686 4106 rimator,
720 4020 846 4088 nullum
879 4020 1012 4088 omnino
1046 4020 1204 4108 liquorem
1236 4040 1305 4086 uvae
1337 4038 1443 4107 neque
1465 4016 1570 4084 mellis

359 4208 362 4211 ,
439 4134 496 4204 sed
525 4155 629 4222 neque
652 4134 744 4202 lactis
767 4154 873 4222 neque
900 4134 1030 4202 cervisae
1058 4133 1209 4222 sumpsit.
1231 4134 1331 4202 Potus
1360 4143 1470 4210 autem
1500 4131 1570 4220 ejus

438 4257 566 4318 tantum
595 4247 668 4314 talis
697 4258 765 4316 erat
793 4249 900 4336 qualis
929 4269 968 4316 ex
997 4266 1079 4336 aqna
1107 4257 1139 4316 et
1161 4246 1312 4316 arborum
1339 4245 1446 4314 succis
1469 4245 1571 4311 malo·

368 4363 413 4432 25
439 4382 552 4431 rumve
578 4363 753 4451 agrestium
780 4362 848 4431 sive
871 4361 1066 4430 silvestrium
1090 4361 1215 4430 condiri
1240 4370 1360 4450 posset.
1382 4360 1451 4428 Tali
1471 4359 1569 4448 igitur
