<?xml version="1.0" encoding="UTF-8"?>
<!DOCTYPE html PUBLIC "-//W3C//DTD XHTML 1.0 Transitional//EN"
    "http://www.w3.org/TR/xhtml1/DTD/xhtml1-transitional.dtd">
<html xmlns="http://www.w3.org/1999/xhtml" xml:lang="en" lang="en">
 <head>
  <title>
</title>
<meta http-equiv="Content-Type" content="text/html;charset=utf-8" />
  <meta name='ocr-system' content='tesseract 3.04.00' />
  <meta name='ocr-capabilities' content='ocr_page ocr_carea ocr_par ocr_line ocrx_word'/>
</head>
<body>
  <div class='ocr_page' id='page_1' title='image "./cartulairedelab00quimgoog_0042.png"; bbox 0 0 3459 5667; ppageno 0'>
   <div class='ocr_carea' id='block_1_1' title="bbox 631 626 809 695">
    <p class='ocr_par' dir='ltr' id='par_1_1' title="bbox 631 626 809 695">
     <span class='ocr_line' id='line_1_1' title="bbox 631 626 809 695; baseline 0 -16"><span class='ocrx_word' id='word_1_1' title='bbox 631 626 809 695; x_wconf 77' lang='grc'>...27-</span> 
     </span>
    </p>
   </div>
   <div class='ocr_carea' id='block_1_2' title="bbox 150 763 1355 2223">
    <p class='ocr_par' dir='ltr' id='par_1_2' title="bbox 150 763 1355 1770">
     <span class='ocr_line' id='line_1_2' title="bbox 150 763 1284 858; baseline -0.004 -19"><span class='ocrx_word' id='word_1_2' title='bbox 150 790 228 839; x_wconf 88' lang='lat' dir='ltr'><strong>cum</strong></span> <span class='ocrx_word' id='word_1_3' title='bbox 256 789 291 838; x_wconf 91' lang='lat' dir='ltr'><strong>se</strong></span> <span class='ocrx_word' id='word_1_4' title='bbox 318 767 488 858; x_wconf 84' lang='lat' dir='ltr'><strong>pecuniam</strong></span> <span class='ocrx_word' id='word_1_5' title='bbox 520 774 619 851; x_wconf 74' lang='lat' dir='ltr'><strong>[unt.</strong></span> <span class='ocrx_word' id='word_1_6' title='bbox 640 786 693 838; x_wconf 71' lang='lat' dir='ltr'><strong>te</strong></span> <span class='ocrx_word' id='word_1_7' title='bbox 716 773 767 851; x_wconf 76' lang='lat' dir='ltr'><strong>vo]</strong></span> <span class='ocrx_word' id='word_1_8' title='bbox 793 763 977 836; x_wconf 84' lang='lat' dir='ltr'>istiusmodi</span> <span class='ocrx_word' id='word_1_9' title='bbox 1003 763 1198 855; x_wconf 83' lang='lat' dir='ltr'><strong>quandoque</strong></span> <span class='ocrx_word' id='word_1_10' title='bbox 1225 785 1284 854; x_wconf 90' lang='lat' dir='ltr'><strong>pe·</strong></span> 
     </span>
     <span class='ocr_line' id='line_1_3' title="bbox 150 878 1283 969; baseline -0.004 -15"><span class='ocrx_word' id='word_1_11' title='bbox 150 885 288 953; x_wconf 85' lang='lat' dir='ltr'><strong>ritumm</strong></span> <span class='ocrx_word' id='word_1_12' title='bbox 313 892 496 951; x_wconf 82' lang='lat' dir='ltr'><strong>excusasset</strong></span> <span class='ocrx_word' id='word_1_13' title='bbox 518 901 584 950; x_wconf 89' lang='lat' dir='ltr'><strong>nou</strong></span> <span class='ocrx_word' id='word_1_14' title='bbox 611 881 741 969; x_wconf 84' lang='lat' dir='ltr'><strong>habere,</strong></span> <span class='ocrx_word' id='word_1_15' title='bbox 762 882 824 950; x_wconf 88' lang='lat' dir='ltr'><strong>boo</strong></span> <span class='ocrx_word' id='word_1_16' title='bbox 846 880 948 949; x_wconf 87' lang='lat' dir='ltr'><strong>miehi</strong></span> <span class='ocrx_word' id='word_1_17' title='bbox 974 879 1093 949; x_wconf 90' lang='lat' dir='ltr'><strong>melius</strong></span> <span class='ocrx_word' id='word_1_18' title='bbox 1119 899 1177 968; x_wconf 91' lang='lat' dir='ltr'><strong>pro</strong></span> <span class='ocrx_word' id='word_1_19' title='bbox 1195 878 1283 949; x_wconf 91' lang='lat' dir='ltr'><strong>dono</strong></span> 
     </span>
     <span class='ocr_line' id='line_1_4' title="bbox 151 992 1282 1081; baseline -0.004 -16"><span class='ocrx_word' id='word_1_20' title='bbox 151 996 314 1065; x_wconf 82' lang='lat' dir='ltr'><strong>concessit</strong></span> <span class='ocrx_word' id='word_1_21' title='bbox 331 994 441 1064; x_wconf 88' lang='lat' dir='ltr'><strong>lumen</strong></span> <span class='ocrx_word' id='word_1_22' title='bbox 460 995 639 1064; x_wconf 84' lang='lat' dir='ltr'><strong>oculorum.</strong></span> <span class='ocrx_word' id='word_1_23' title='bbox 657 994 791 1065; x_wconf 76' lang='lat' dir='ltr'><strong>»Senex</strong></span> <span class='ocrx_word' id='word_1_24' title='bbox 809 994 849 1063; x_wconf 87' lang='grc'><strong>311</strong></span> <span class='ocrx_word' id='word_1_25' title='bbox 868 993 938 1062; x_wconf 86' lang='grc'><strong>11333</strong></span> <span class='ocrx_word' id='word_1_26' title='bbox 954 1019 962 1062; x_wconf 80' lang='lat' dir='ltr'><strong><em>z</em></strong></span> <span class='ocrx_word' id='word_1_27' title='bbox 983 1020 998 1054; x_wconf 74' lang='grc'><strong>1</strong></span> <span class='ocrx_word' id='word_1_28' title='bbox 1016 992 1128 1075; x_wconf 83' lang='lat' dir='ltr'><strong>Qualis</strong></span> <span class='ocrx_word' id='word_1_29' title='bbox 1146 1002 1196 1061; x_wconf 89' lang='grc'><strong>331</strong></span> <span class='ocrx_word' id='word_1_30' title='bbox 1214 993 1282 1081; x_wconf 85' lang='lat' dir='ltr'><strong>ilie,</strong></span> 
     </span>
     <span class='ocr_line' id='line_1_5' title="bbox 151 1106 1284 1201; baseline 0 -23"><span class='ocrx_word' id='word_1_31' title='bbox 151 1110 209 1201; x_wconf 91' lang='lat' dir='ltr'><strong>qui</strong></span> <span class='ocrx_word' id='word_1_32' title='bbox 236 1110 295 1178; x_wconf 88' lang='lat' dir='ltr'><strong>tibi</strong></span> <span class='ocrx_word' id='word_1_33' title='bbox 325 1129 400 1178; x_wconf 88' lang='lat' dir='ltr'><strong>oum</strong></span> <span class='ocrx_word' id='word_1_34' title='bbox 427 1129 493 1180; x_wconf 91' lang='lat' dir='ltr'><strong>non</strong></span> <span class='ocrx_word' id='word_1_35' title='bbox 522 1110 663 1183; x_wconf 81' lang='lat' dir='ltr'><strong>habebas</strong></span> <span class='ocrx_word' id='word_1_36' title='bbox 691 1109 798 1178; x_wconf 81' lang='lat' dir='ltr'><strong>uisum</strong></span> <span class='ocrx_word' id='word_1_37' title='bbox 828 1106 973 1178; x_wconf 78' lang='lat' dir='ltr'><strong>dederit?</strong></span> <span class='ocrx_word' id='word_1_38' title='bbox 996 1135 1009 1171; x_wconf 82' lang='grc'><strong>3</strong></span> <span class='ocrx_word' id='word_1_39' title='bbox 1032 1108 1063 1177; x_wconf 91' lang='grc'><strong>13</strong></span> <span class='ocrx_word' id='word_1_40' title='bbox 1092 1117 1200 1179; x_wconf 82' lang='lat' dir='ltr'><strong>autem</strong></span> <span class='ocrx_word' id='word_1_41' title='bbox 1228 1109 1284 1199; x_wconf 90' lang='lat' dir='ltr'><strong>qui</strong></span> 
     </span>
     <span class='ocr_line' id='line_1_6' title="bbox 151 1224 1355 1316; baseline -0.003 -19"><span class='ocrx_word' id='word_1_42' title='bbox 151 1248 257 1297; x_wconf 86' lang='grc'><strong>333333</strong></span> <span class='ocrx_word' id='word_1_43' title='bbox 274 1227 407 1297; x_wconf 85' lang='lat' dir='ltr'><strong>fuerat:</strong></span> <span class='ocrx_word' id='word_1_44' title='bbox 432 1255 447 1289; x_wconf 70' lang='grc'><strong>1</strong></span> <span class='ocrx_word' id='word_1_45' title='bbox 470 1227 592 1314; x_wconf 83' lang='lat' dir='ltr'><strong>Talem,</strong></span> <span class='ocrx_word' id='word_1_46' title='bbox 614 1224 988 1316; x_wconf 87' lang='lat' dir='ltr'><strong>respondit,uonvideo</strong></span> <span class='ocrx_word' id='word_1_47' title='bbox 1008 1225 1181 1295; x_wconf 86' lang='lat' dir='ltr'><strong>intervos.</strong></span> <span class='ocrx_word' id='word_1_48' title='bbox 1205 1254 1220 1288; x_wconf 82' lang='lat'><strong>»</strong></span> <span class='ocrx_word' id='word_1_49' title='bbox 1241 1227 1285 1296; x_wconf 77' lang='lat' dir='ltr'><strong>dt</strong></span> <span class='ocrx_word' id='word_1_50' title='bbox 1332 1224 1355 1293; x_wconf 79' lang='lat'>5</span> 
     </span>
     <span class='ocr_line' id='line_1_7' title="bbox 150 1339 1281 1430; baseline -0.002 -20"><span class='ocrx_word' id='word_1_51' title='bbox 150 1360 281 1410; x_wconf 90' lang='lat' dir='ltr'><strong>senex:</strong></span> <span class='ocrx_word' id='word_1_52' title='bbox 305 1368 320 1401; x_wconf 92' lang='lat'>«</span> <span class='ocrx_word' id='word_1_53' title='bbox 342 1342 470 1427; x_wconf 89' lang='lat' dir='ltr'><strong>Posses,</strong></span> <span class='ocrx_word' id='word_1_54' title='bbox 490 1340 608 1430; x_wconf 90' lang='lat' dir='ltr'><strong>iuquit,</strong></span> <span class='ocrx_word' id='word_1_55' title='bbox 630 1340 723 1409; x_wconf 90' lang='lat' dir='ltr'><strong>ilium</strong></span> <span class='ocrx_word' id='word_1_56' title='bbox 742 1340 770 1409; x_wconf 87' lang='lat' dir='ltr'><strong>si</strong></span> <span class='ocrx_word' id='word_1_57' title='bbox 794 1340 920 1410; x_wconf 82' lang='lat' dir='ltr'><strong>videres</strong></span> <span class='ocrx_word' id='word_1_58' title='bbox 943 1339 1137 1429; x_wconf 81' lang='lat' dir='ltr'><strong>agnosoerei&#39;</strong></span> <span class='ocrx_word' id='word_1_59' title='bbox 1160 1367 1175 1400; x_wconf 70' lang='lat' dir='ltr'>n</span> <span class='ocrx_word' id='word_1_60' title='bbox 1197 1340 1281 1408; x_wconf 77' lang='lat' dir='ltr'><strong>dit:</strong></span> 
     </span>
     <span class='ocr_line' id='line_1_8' title="bbox 153 1452 1285 1542; baseline 0.001 -21"><span class='ocrx_word' id='word_1_61' title='bbox 153 1453 317 1540; x_wconf 80' lang='lat' dir='ltr'><strong>«Etiam,</strong></span> <span class='ocrx_word' id='word_1_62' title='bbox 351 1452 493 1521; x_wconf 90' lang='lat' dir='ltr'><strong>domiue.</strong></span> <span class='ocrx_word' id='word_1_63' title='bbox 526 1481 541 1513; x_wconf 71' lang='lat' dir='ltr'><strong>x</strong></span> <span class='ocrx_word' id='word_1_64' title='bbox 573 1453 679 1522; x_wconf 86' lang='lat' dir='ltr'><strong>Senex</strong></span> <span class='ocrx_word' id='word_1_65' title='bbox 710 1472 786 1542; x_wconf 83' lang='lat' dir='ltr'><strong>ergo</strong></span> <span class='ocrx_word' id='word_1_66' title='bbox 815 1452 912 1542; x_wconf 87' lang='lat' dir='ltr'><strong>jussit</strong></span> <span class='ocrx_word' id='word_1_67' title='bbox 945 1472 1060 1521; x_wconf 92' lang='lat' dir='ltr'><strong>omnes</strong></span> <span class='ocrx_word' id='word_1_68' title='bbox 1090 1470 1285 1542; x_wconf 83' lang='lat' dir='ltr'><strong>congregare</strong></span> 
     </span>
     <span class='ocr_line' id='line_1_9' title="bbox 151 1565 1284 1656; baseline -0.004 -19"><span class='ocrx_word' id='word_1_69' title='bbox 151 1568 351 1637; x_wconf 88' lang='lat' dir='ltr'><strong>soolasticos.</strong></span> <span class='ocrx_word' id='word_1_70' title='bbox 390 1566 450 1635; x_wconf 89' lang='lat' dir='ltr'><strong>His</strong></span> <span class='ocrx_word' id='word_1_71' title='bbox 487 1587 562 1636; x_wconf 88' lang='lat' dir='ltr'><strong>vero</strong></span> <span class='ocrx_word' id='word_1_72' title='bbox 605 1567 823 1656; x_wconf 83' lang='lat' dir='ltr'><strong>congregatis,</strong></span> <span class='ocrx_word' id='word_1_73' title='bbox 861 1565 1102 1655; x_wconf 84' lang='lat' dir='ltr'><strong>prospectisque</strong></span> <span class='ocrx_word' id='word_1_74' title='bbox 1137 1566 1284 1634; x_wconf 90' lang='lat' dir='ltr'><strong>omnium</strong></span> 
     </span>
     <span class='ocr_line' id='line_1_10' title="bbox 153 1678 1281 1770; baseline -0.001 -22"><span class='ocrx_word' id='word_1_75' title='bbox 153 1700 324 1770; x_wconf 87' lang='lat' dir='ltr'><strong>quousque</strong></span> <span class='ocrx_word' id='word_1_76' title='bbox 356 1691 489 1748; x_wconf 85' lang='lat' dir='ltr'><strong>ventum</strong></span> <span class='ocrx_word' id='word_1_77' title='bbox 521 1689 571 1749; x_wconf 90' lang='lat' dir='ltr'><strong>est</strong></span> <span class='ocrx_word' id='word_1_78' title='bbox 598 1681 638 1750; x_wconf 84' lang='lat' dir='ltr'><strong>ad</strong></span> <span class='ocrx_word' id='word_1_79' title='bbox 665 1691 812 1750; x_wconf 88' lang='grc'><strong>3311313111</strong></span> <span class='ocrx_word' id='word_1_80' title='bbox 843 1680 1071 1769; x_wconf 80' lang='lat' dir='ltr'><strong>Wingaloeum</strong></span> <span class='ocrx_word' id='word_1_81' title='bbox 1101 1678 1243 1747; x_wconf 86' lang='lat' dir='ltr'><strong>vultibus</strong></span> <span class='ocrx_word' id='word_1_82' title='bbox 1272 1705 1281 1747; x_wconf 79' lang='grc'><strong>1</strong></span> 
     </span>
    </p>

    <p class='ocr_par' dir='ltr' id='par_1_3' title="bbox 153 1791 1354 2223">
     <span class='ocr_line' id='line_1_11' title="bbox 156 1791 1354 1882; baseline -0.001 -22"><span class='ocrx_word' id='word_1_83' title='bbox 156 1818 173 1853; x_wconf 75' lang='grc' dir='ltr'><strong>α</strong></span> <span class='ocrx_word' id='word_1_84' title='bbox 195 1791 260 1860; x_wconf 85' lang='grc'><strong>1313</strong></span> <span class='ocrx_word' id='word_1_85' title='bbox 276 1803 338 1880; x_wconf 81' lang='lat' dir='ltr'><strong>est,</strong></span> <span class='ocrx_word' id='word_1_86' title='bbox 361 1821 376 1853; x_wconf 71' lang='lat' dir='ltr'><strong>x</strong></span> <span class='ocrx_word' id='word_1_87' title='bbox 398 1794 502 1882; x_wconf 91' lang='lat' dir='ltr'><strong>inquit</strong></span> <span class='ocrx_word' id='word_1_88' title='bbox 521 1812 652 1882; x_wconf 83' lang='lat' dir='ltr'><strong>pauper,</strong></span> <span class='ocrx_word' id='word_1_89' title='bbox 673 1793 730 1861; x_wconf 89' lang='lat' dir='ltr'><strong>sed</strong></span> <span class='ocrx_word' id='word_1_90' title='bbox 750 1792 847 1861; x_wconf 91' lang='lat' dir='ltr'><strong>modo</strong></span> <span class='ocrx_word' id='word_1_91' title='bbox 866 1813 925 1882; x_wconf 93' lang='lat' dir='ltr'><strong>pro</strong></span> <span class='ocrx_word' id='word_1_92' title='bbox 943 1792 1066 1860; x_wconf 90' lang='lat' dir='ltr'><strong>iumine</strong></span> <span class='ocrx_word' id='word_1_93' title='bbox 1085 1791 1201 1879; x_wconf 88' lang='lat' dir='ltr'><strong>adepto</strong></span> <span class='ocrx_word' id='word_1_94' title='bbox 1216 1791 1283 1880; x_wconf 86' lang='lat' dir='ltr'><strong>jam</strong></span> <span class='ocrx_word' id='word_1_95' title='bbox 1311 1791 1354 1859; x_wconf 80' lang='lat'><strong>10</strong></span> 
     </span>
     <span class='ocr_line' id='line_1_12' title="bbox 154 1902 1284 1996; baseline -0.005 -20"><span class='ocrx_word' id='word_1_96' title='bbox 154 1907 258 1993; x_wconf 88' lang='lat' dir='ltr'><strong>dives,</strong></span> <span class='ocrx_word' id='word_1_97' title='bbox 277 1934 291 1967; x_wconf 77' lang='grc'><strong>1</strong></span> <span class='ocrx_word' id='word_1_98' title='bbox 307 1907 363 1996; x_wconf 94' lang='lat' dir='ltr'><strong>qui</strong></span> <span class='ocrx_word' id='word_1_99' title='bbox 382 1927 433 1975; x_wconf 92' lang='lat' dir='ltr'><strong>me</strong></span> <span class='ocrx_word' id='word_1_100' title='bbox 448 1927 563 1976; x_wconf 87' lang='lat' dir='ltr'><strong>sanum</strong></span> <span class='ocrx_word' id='word_1_101' title='bbox 577 1907 664 1976; x_wconf 83' lang='lat' dir='ltr'><strong>feeit.</strong></span> <span class='ocrx_word' id='word_1_102' title='bbox 684 1936 698 1967; x_wconf 71' lang='grc'><strong>1</strong></span> <span class='ocrx_word' id='word_1_103' title='bbox 715 1906 775 1974; x_wconf 86' lang='lat' dir='ltr'><strong>His</strong></span> <span class='ocrx_word' id='word_1_104' title='bbox 790 1906 920 1991; x_wconf 87' lang='lat' dir='ltr'><strong>auditis,</strong></span> <span class='ocrx_word' id='word_1_105' title='bbox 937 1924 1035 1973; x_wconf 85' lang='lat' dir='ltr'><strong>senex</strong></span> <span class='ocrx_word' id='word_1_106' title='bbox 1048 1914 1080 1971; x_wconf 88' lang='lat' dir='ltr'><strong>et</strong></span> <span class='ocrx_word' id='word_1_107' title='bbox 1095 1902 1147 1971; x_wconf 90' lang='lat' dir='ltr'><strong>sui</strong></span> <span class='ocrx_word' id='word_1_108' title='bbox 1166 1902 1284 1990; x_wconf 88' lang='lat' dir='ltr'><strong>pariter</strong></span> 
     </span>
     <span class='ocr_line' id='line_1_13' title="bbox 153 2014 1282 2109; baseline -0.006 -20"><span class='ocrx_word' id='word_1_109' title='bbox 153 2020 305 2108; x_wconf 81' lang='lat' dir='ltr'><strong>discipuli</strong></span> <span class='ocrx_word' id='word_1_110' title='bbox 332 2020 502 2089; x_wconf 82' lang='lat' dir='ltr'><strong>confestim</strong></span> <span class='ocrx_word' id='word_1_111' title='bbox 530 2019 624 2109; x_wconf 89' lang='lat' dir='ltr'><strong>proni</strong></span> <span class='ocrx_word' id='word_1_112' title='bbox 652 2019 686 2086; x_wconf 95' lang='lat' dir='ltr'><strong>in</strong></span> <span class='ocrx_word' id='word_1_113' title='bbox 717 2029 847 2105; x_wconf 89' lang='lat' dir='ltr'><strong>terram,</strong></span> <span class='ocrx_word' id='word_1_114' title='bbox 873 2016 992 2085; x_wconf 83' lang='lat' dir='ltr'><strong>Sancto</strong></span> <span class='ocrx_word' id='word_1_115' title='bbox 1012 2014 1127 2084; x_wconf 90' lang='lat' dir='ltr'><strong>moniti</strong></span> <span class='ocrx_word' id='word_1_116' title='bbox 1146 2014 1282 2103; x_wconf 84' lang='lat' dir='ltr'><strong>Spiritu,</strong></span> 
     </span>
     <span class='ocr_line' id='line_1_14' title="bbox 154 2131 1097 2223; baseline -0.003 -22"><span class='ocrx_word' id='word_1_117' title='bbox 154 2134 218 2203; x_wconf 88' lang='lat' dir='ltr'><strong>boo</strong></span> <span class='ocrx_word' id='word_1_118' title='bbox 235 2133 326 2223; x_wconf 92' lang='lat' dir='ltr'><strong>quasi</strong></span> <span class='ocrx_word' id='word_1_119' title='bbox 346 2154 412 2203; x_wconf 92' lang='lat' dir='ltr'><strong>uno</strong></span> <span class='ocrx_word' id='word_1_120' title='bbox 430 2154 470 2202; x_wconf 89' lang='lat' dir='ltr'><strong>ex</strong></span> <span class='ocrx_word' id='word_1_121' title='bbox 489 2152 544 2202; x_wconf 89' lang='lat' dir='ltr'><strong>ore</strong></span> <span class='ocrx_word' id='word_1_122' title='bbox 562 2132 758 2202; x_wconf 84' lang='lat' dir='ltr'><strong>eeeoinerunt</strong></span> <span class='ocrx_word' id='word_1_123' title='bbox 775 2150 906 2201; x_wconf 83' lang='lat' dir='ltr'><strong>carmen</strong></span> <span class='ocrx_word' id='word_1_124' title='bbox 923 2131 1068 2201; x_wconf 86' lang='lat' dir='ltr'><strong>dieentes</strong></span> <span class='ocrx_word' id='word_1_125' title='bbox 1088 2160 1097 2198; x_wconf 71' lang='grc' dir='ltr'><strong><em>ι</em></strong></span> 
     </span>
    </p>
   </div>
   <div class='ocr_carea' id='block_1_3' title="bbox 484 2443 957 2525">
    <p class='ocr_par' dir='ltr' id='par_1_4' title="bbox 484 2443 957 2525">
     <span class='ocr_line' id='line_1_15' title="bbox 484 2443 957 2525; baseline 0 -18"><span class='ocrx_word' id='word_1_126' title='bbox 484 2443 678 2507; x_wconf 77' lang='grc' dir='ltr'><strong>Ρ331α113111·</strong></span> <span class='ocrx_word' id='word_1_127' title='bbox 696 2459 801 2507; x_wconf 84' lang='lat' dir='ltr'><strong>uersus</strong></span> <span class='ocrx_word' id='word_1_128' title='bbox 820 2443 957 2525; x_wconf 82' lang='lat' dir='ltr'><strong>equioor&#39;.</strong></span> 
     </span>
    </p>
   </div>
   <div class='ocr_carea' id='block_1_4' title="bbox 195 2691 1355 4498">
    <p class='ocr_par' dir='ltr' id='par_1_5' title="bbox 195 2691 1355 4498">
     <span class='ocr_line' id='line_1_16' title="bbox 201 2691 945 2780; baseline -0.007 -15"><span class='ocrx_word' id='word_1_129' title='bbox 201 2694 378 2765; x_wconf 86' lang='lat' dir='ltr'><strong>Cantemus</strong></span> <span class='ocrx_word' id='word_1_130' title='bbox 396 2703 521 2780; x_wconf 86' lang='lat' dir='ltr'><strong>saneto,</strong></span> <span class='ocrx_word' id='word_1_131' title='bbox 541 2702 709 2763; x_wconf 86' lang='lat' dir='ltr'><strong>cantemus</strong></span> <span class='ocrx_word' id='word_1_132' title='bbox 726 2691 945 2761; x_wconf 87' lang='lat' dir='ltr'><strong>Uuinualoeo!</strong></span> 
     </span>
     <span class='ocr_line' id='line_1_17' title="bbox 243 2801 1355 2897; baseline -0.005 -19"><span class='ocrx_word' id='word_1_133' title='bbox 243 2808 353 2878; x_wconf 88' lang='lat' dir='ltr'><strong>Dulcis</strong></span> <span class='ocrx_word' id='word_1_134' title='bbox 371 2828 427 2897; x_wconf 89' lang='lat' dir='ltr'><strong>per</strong></span> <span class='ocrx_word' id='word_1_135' title='bbox 446 2808 602 2877; x_wconf 84' lang='lat' dir='ltr'><strong>famulum</strong></span> <span class='ocrx_word' id='word_1_136' title='bbox 621 2807 693 2875; x_wconf 89' lang='lat' dir='ltr'><strong>laus</strong></span> <span class='ocrx_word' id='word_1_137' title='bbox 710 2816 841 2875; x_wconf 90' lang='lat' dir='ltr'><strong>resonet</strong></span> <span class='ocrx_word' id='word_1_138' title='bbox 858 2804 1015 2875; x_wconf 84' lang='lat' dir='ltr'><strong>Domino!</strong></span> <span class='ocrx_word' id='word_1_139' title='bbox 1311 2801 1355 2873; x_wconf 79' lang='grc'><strong>15</strong></span> 
     </span>
     <span class='ocr_line' id='line_1_18' title="bbox 202 2920 1280 3010; baseline 0.001 -20"><span class='ocrx_word' id='word_1_140' title='bbox 202 2928 299 3005; x_wconf 73' lang='lat' dir='ltr'><strong>[nor.</strong></span> <span class='ocrx_word' id='word_1_141' title='bbox 321 2920 499 3003; x_wconf 76' lang='grc' dir='ltr'><strong>33]Α11113</strong></span> <span class='ocrx_word' id='word_1_142' title='bbox 517 2940 646 3008; x_wconf 86' lang='lat' dir='ltr'><strong>parens,</strong></span> <span class='ocrx_word' id='word_1_143' title='bbox 662 2922 795 2988; x_wconf 79' lang='lat' dir='ltr'><strong>fratrum</strong></span> <span class='ocrx_word' id='word_1_144' title='bbox 814 2939 872 3008; x_wconf 92' lang='lat' dir='ltr'><strong>pro</strong></span> <span class='ocrx_word' id='word_1_145' title='bbox 886 2930 977 2989; x_wconf 89' lang='lat' dir='ltr'><strong>tanto</strong></span> <span class='ocrx_word' id='word_1_146' title='bbox 994 2931 1140 3010; x_wconf 88' lang='lat' dir='ltr'><strong>tempore</strong></span> <span class='ocrx_word' id='word_1_147' title='bbox 1158 2930 1280 3010; x_wconf 85' lang='lat' dir='ltr'><strong>eustos,</strong></span> 
     </span>
     <span class='ocr_line' id='line_1_19' title="bbox 242 3034 976 3125; baseline 0 -22"><span class='ocrx_word' id='word_1_148' title='bbox 242 3036 362 3104; x_wconf 85' lang='lat' dir='ltr'><strong>Fautor</strong></span> <span class='ocrx_word' id='word_1_149' title='bbox 380 3036 499 3125; x_wconf 92' lang='lat' dir='ltr'><strong>ubique</strong></span> <span class='ocrx_word' id='word_1_150' title='bbox 516 3035 564 3104; x_wconf 95' lang='lat' dir='ltr'><strong>tui</strong></span> <span class='ocrx_word' id='word_1_151' title='bbox 582 3056 709 3124; x_wconf 89' lang='lat' dir='ltr'><strong>semper</strong></span> <span class='ocrx_word' id='word_1_152' title='bbox 727 3036 840 3105; x_wconf 82' lang='lat' dir='ltr'><strong>adesto</strong></span> <span class='ocrx_word' id='word_1_153' title='bbox 857 3034 976 3125; x_wconf 81' lang='lat' dir='ltr'><strong>gregis,</strong></span> 
     </span>
     <span class='ocr_line' id='line_1_20' title="bbox 196 3148 1028 3238; baseline 0.002 -22"><span class='ocrx_word' id='word_1_154' title='bbox 196 3149 244 3216; x_wconf 85' lang='lat' dir='ltr'><strong>Ao</strong></span> <span class='ocrx_word' id='word_1_155' title='bbox 261 3148 415 3237; x_wconf 81' lang='lat' dir='ltr'><strong>placitum</strong></span> <span class='ocrx_word' id='word_1_156' title='bbox 434 3148 573 3238; x_wconf 92' lang='lat' dir='ltr'><strong>propriis</strong></span> <span class='ocrx_word' id='word_1_157' title='bbox 591 3158 711 3219; x_wconf 82' lang='lat' dir='ltr'><strong>coetum</strong></span> <span class='ocrx_word' id='word_1_158' title='bbox 730 3149 907 3219; x_wconf 83' lang='lat' dir='ltr'><strong>consistere</strong></span> <span class='ocrx_word' id='word_1_159' title='bbox 925 3149 1028 3219; x_wconf 84' lang='lat' dir='ltr'><strong>caulis</strong></span> 
     </span>
     <span class='ocr_line' id='line_1_21' title="bbox 241 3261 956 3350; baseline 0.001 -21"><span class='ocrx_word' id='word_1_160' title='bbox 241 3262 415 3330; x_wconf 88' lang='lat' dir='ltr'><strong>Hereutem</strong></span> <span class='ocrx_word' id='word_1_161' title='bbox 435 3261 568 3331; x_wconf 87' lang='lat' dir='ltr'><strong>monitis</strong></span> <span class='ocrx_word' id='word_1_162' title='bbox 586 3262 714 3350; x_wconf 85' lang='lat' dir='ltr'><strong>collige,</strong></span> <span class='ocrx_word' id='word_1_163' title='bbox 734 3272 856 3349; x_wconf 88' lang='grc'><strong>3311313,</strong></span> <span class='ocrx_word' id='word_1_164' title='bbox 879 3262 956 3331; x_wconf 84' lang='grc'><strong>1313.</strong></span> 
     </span>
     <span class='ocr_line' id='line_1_22' title="bbox 197 3374 969 3465; baseline 0.003 -22"><span class='ocrx_word' id='word_1_165' title='bbox 197 3374 328 3443; x_wconf 81' lang='lat' dir='ltr'><strong>Loetbea</strong></span> <span class='ocrx_word' id='word_1_166' title='bbox 344 3376 525 3463; x_wconf 82' lang='lat' dir='ltr'><strong>stagnantis</strong></span> <span class='ocrx_word' id='word_1_167' title='bbox 544 3376 676 3465; x_wconf 87' lang='lat' dir='ltr'><strong>patiaris</strong></span> <span class='ocrx_word' id='word_1_168' title='bbox 694 3376 830 3444; x_wconf 78' lang='lat' dir='ltr'><strong>fiumina</strong></span> <span class='ocrx_word' id='word_1_169' title='bbox 846 3375 969 3445; x_wconf 85' lang='lat' dir='ltr'><strong>Auerni</strong></span> 
     </span>
     <span class='ocr_line' id='line_1_23' title="bbox 242 3488 985 3581; baseline 0.003 -23"><span class='ocrx_word' id='word_1_170' title='bbox 242 3488 429 3571; x_wconf 80' lang='lat' dir='ltr'><strong>Quesumus</strong></span> <span class='ocrx_word' id='word_1_171' title='bbox 446 3511 488 3559; x_wconf 90' lang='lat' dir='ltr'><strong>ne</strong></span> <span class='ocrx_word' id='word_1_172' title='bbox 507 3491 645 3560; x_wconf 86' lang='lat' dir='ltr'><strong>famulos</strong></span> <span class='ocrx_word' id='word_1_173' title='bbox 663 3503 794 3581; x_wconf 84' lang='lat' dir='ltr'><strong>tangere</strong></span> <span class='ocrx_word' id='word_1_174' title='bbox 812 3491 881 3560; x_wconf 87' lang='lat' dir='ltr'><strong>dim</strong></span> <span class='ocrx_word' id='word_1_175' title='bbox 902 3502 985 3561; x_wconf 88' lang='lat' dir='ltr'><strong>tuos.</strong></span> 
     </span>
     <span class='ocr_line' id='line_1_24' title="bbox 198 3602 1056 3694; baseline 0.001 -22"><span class='ocrx_word' id='word_1_176' title='bbox 198 3602 225 3672; x_wconf 93' lang='lat'>0</span> <span class='ocrx_word' id='word_1_177' title='bbox 245 3603 299 3670; x_wconf 93' lang='lat' dir='ltr'><strong>lux</strong></span> <span class='ocrx_word' id='word_1_178' title='bbox 318 3602 415 3690; x_wconf 84' lang='lat' dir='ltr'><strong>aima,</strong></span> <span class='ocrx_word' id='word_1_179' title='bbox 435 3604 501 3673; x_wconf 93' lang='lat' dir='ltr'><strong>tuis</strong></span> <span class='ocrx_word' id='word_1_180' title='bbox 519 3625 592 3693; x_wconf 85' lang='lat' dir='ltr'><strong>spes</strong></span> <span class='ocrx_word' id='word_1_181' title='bbox 610 3606 696 3674; x_wconf 86' lang='grc'><strong>31313</strong></span> <span class='ocrx_word' id='word_1_182' title='bbox 714 3614 746 3674; x_wconf 90' lang='grc'><strong>31</strong></span> <span class='ocrx_word' id='word_1_183' title='bbox 765 3623 882 3694; x_wconf 82' lang='lat' dir='ltr'><strong>magua</strong></span> <span class='ocrx_word' id='word_1_184' title='bbox 900 3615 1056 3694; x_wconf 86' lang='lat' dir='ltr'><strong>potestas,</strong></span> 
     </span>
     <span class='ocr_line' id='line_1_25' title="bbox 242 3715 909 3788; baseline 0.003 -4"><span class='ocrx_word' id='word_1_185' title='bbox 242 3715 345 3785; x_wconf 84' lang='lat' dir='ltr'><strong>Abdis</strong></span> <span class='ocrx_word' id='word_1_186' title='bbox 363 3736 420 3784; x_wconf 89' lang='lat' dir='ltr'><strong>our</strong></span> <span class='ocrx_word' id='word_1_187' title='bbox 439 3717 533 3786; x_wconf 90' lang='lat' dir='ltr'><strong>nobis</strong></span> <span class='ocrx_word' id='word_1_188' title='bbox 553 3717 633 3787; x_wconf 87' lang='lat' dir='ltr'><strong>velie</strong></span> <span class='ocrx_word' id='word_1_189' title='bbox 651 3728 744 3787; x_wconf 94' lang='lat' dir='ltr'><strong>tunm</strong></span> <span class='ocrx_word' id='word_1_190' title='bbox 763 3720 909 3788; x_wconf 82' lang='lat' dir='ltr'><strong>miseris?</strong></span> 
     </span>
     <span class='ocr_line' id='line_1_26' title="bbox 195 3828 992 3919; baseline 0.003 -22"><span class='ocrx_word' id='word_1_191' title='bbox 195 3828 379 3916; x_wconf 87' lang='lat' dir='ltr'><strong>Discipulus</strong></span> <span class='ocrx_word' id='word_1_192' title='bbox 396 3830 499 3898; x_wconf 87' lang='lat' dir='ltr'><strong>saneti</strong></span> <span class='ocrx_word' id='word_1_193' title='bbox 517 3831 572 3919; x_wconf 94' lang='lat' dir='ltr'><strong>qui</strong></span> <span class='ocrx_word' id='word_1_194' title='bbox 592 3841 723 3901; x_wconf 86' lang='grc'><strong>33113133</strong></span> <span class='ocrx_word' id='word_1_195' title='bbox 741 3852 830 3901; x_wconf 89' lang='lat' dir='ltr'><strong>more</strong></span> <span class='ocrx_word' id='word_1_196' title='bbox 848 3832 992 3919; x_wconf 87' lang='lat' dir='ltr'><strong>Patrioii,</strong></span> 
     </span>
     <span class='ocr_line' id='line_1_27' title="bbox 242 3940 1007 4034; baseline 0.007 -24"><span class='ocrx_word' id='word_1_197' title='bbox 242 3940 406 4010; x_wconf 85' lang='lat' dir='ltr'><strong>Christum</strong></span> <span class='ocrx_word' id='word_1_198' title='bbox 425 3963 483 4031; x_wconf 86' lang='lat' dir='ltr'><strong>pro</strong></span> <span class='ocrx_word' id='word_1_199' title='bbox 502 3942 597 4013; x_wconf 92' lang='lat' dir='ltr'><strong>nobis</strong></span> <span class='ocrx_word' id='word_1_200' title='bbox 616 3964 748 4033; x_wconf 87' lang='lat' dir='ltr'><strong>poscere</strong></span> <span class='ocrx_word' id='word_1_201' title='bbox 765 3965 892 4034; x_wconf 89' lang='lat' dir='ltr'><strong>semper</strong></span> <span class='ocrx_word' id='word_1_202' title='bbox 910 3946 1007 4015; x_wconf 85' lang='lat' dir='ltr'><strong>babo.</strong></span> 
     </span>
     <span class='ocr_line' id='line_1_28' title="bbox 195 4054 1110 4148; baseline 0.005 -23"><span class='ocrx_word' id='word_1_203' title='bbox 195 4054 297 4125; x_wconf 90' lang='lat' dir='ltr'><strong>Nobis</strong></span> <span class='ocrx_word' id='word_1_204' title='bbox 315 4055 358 4124; x_wconf 91' lang='lat' dir='ltr'><strong>sit</strong></span> <span class='ocrx_word' id='word_1_205' title='bbox 376 4057 516 4147; x_wconf 88' lang='lat' dir='ltr'><strong>requies,</strong></span> <span class='ocrx_word' id='word_1_206' title='bbox 537 4077 595 4148; x_wconf 90' lang='lat' dir='ltr'><strong>per</strong></span> <span class='ocrx_word' id='word_1_207' title='bbox 613 4067 657 4145; x_wconf 90' lang='lat' dir='ltr'><strong>te,</strong></span> <span class='ocrx_word' id='word_1_208' title='bbox 679 4068 712 4127; x_wconf 92' lang='lat' dir='ltr'><strong>et</strong></span> <span class='ocrx_word' id='word_1_209' title='bbox 729 4059 910 4130; x_wconf 88' lang='lat' dir='ltr'><strong>substantia</strong></span> <span class='ocrx_word' id='word_1_210' title='bbox 929 4058 1079 4130; x_wconf 84' lang='lat' dir='ltr'><strong>Christus</strong></span> <span class='ocrx_word' id='word_1_211' title='bbox 1100 4085 1110 4129; x_wconf 76' lang='lat' dir='ltr'><em>z</em></span> 
     </span>
     <span class='ocr_line' id='line_1_29' title="bbox 242 4171 898 4263; baseline 0.002 -21"><span class='ocrx_word' id='word_1_212' title='bbox 242 4171 364 4242; x_wconf 88' lang='lat' dir='ltr'><strong>Omnes</strong></span> <span class='ocrx_word' id='word_1_213' title='bbox 382 4181 512 4241; x_wconf 88' lang='grc'><strong>3133133</strong></span> <span class='ocrx_word' id='word_1_214' title='bbox 531 4172 592 4240; x_wconf 89' lang='lat' dir='ltr'><strong>boo</strong></span> <span class='ocrx_word' id='word_1_215' title='bbox 607 4173 728 4263; x_wconf 82' lang='lat' dir='ltr'><strong>jugiter</strong></span> <span class='ocrx_word' id='word_1_216' title='bbox 745 4174 898 4262; x_wconf 91' lang='lat' dir='ltr'><strong>petimus.</strong></span> 
     </span>
     <span class='ocr_line' id='line_1_30' title="bbox 198 4288 961 4379; baseline 0.007 -22"><span class='ocrx_word' id='word_1_217' title='bbox 198 4288 236 4357; x_wconf 88' lang='grc'><strong>13</strong></span> <span class='ocrx_word' id='word_1_218' title='bbox 254 4296 286 4357; x_wconf 92' lang='grc'><strong>13</strong></span> <span class='ocrx_word' id='word_1_219' title='bbox 305 4298 390 4359; x_wconf 90' lang='grc'><strong>33113</strong></span> <span class='ocrx_word' id='word_1_220' title='bbox 408 4290 509 4377; x_wconf 83' lang='grc'><strong>33133,</strong></span> <span class='ocrx_word' id='word_1_221' title='bbox 530 4290 573 4359; x_wconf 83' lang='grc'><strong>311</strong></span> <span class='ocrx_word' id='word_1_222' title='bbox 591 4310 647 4379; x_wconf 91' lang='lat' dir='ltr'><strong>per</strong></span> <span class='ocrx_word' id='word_1_223' title='bbox 665 4298 697 4359; x_wconf 89' lang='grc'><strong>13</strong></span> <span class='ocrx_word' id='word_1_224' title='bbox 715 4291 840 4361; x_wconf 84' lang='lat' dir='ltr'><strong>reddita</strong></span> <span class='ocrx_word' id='word_1_225' title='bbox 857 4292 961 4362; x_wconf 89' lang='lat' dir='ltr'><strong>virtus</strong></span> 
     </span>
     <span class='ocr_line' id='line_1_31' title="bbox 244 4403 869 4498; baseline 0.008 -26"><span class='ocrx_word' id='word_1_226' title='bbox 244 4403 344 4473; x_wconf 92' lang='lat' dir='ltr'><strong>Nobis</strong></span> <span class='ocrx_word' id='word_1_227' title='bbox 362 4404 517 4495; x_wconf 79' lang='lat' dir='ltr'><strong>indignis,</strong></span> <span class='ocrx_word' id='word_1_228' title='bbox 538 4406 714 4496; x_wconf 87' lang='lat' dir='ltr'><strong>quamlibet</strong></span> <span class='ocrx_word' id='word_1_229' title='bbox 732 4406 869 4498; x_wconf 79' lang='lat' dir='ltr'><strong>exiguis.</strong></span> 
     </span>
    </p>
   </div>
   <div class='ocr_carea' id='block_1_5' title="bbox 0 0 1748 5667">
    <p class='ocr_par' dir='ltr' id='par_1_6' title="bbox 0 0 1748 5667">
     <span class='ocr_line' id='line_1_32' title="bbox 0 0 1748 5667; baseline 0 0"><span class='ocrx_word' id='word_1_230' title='bbox 0 0 1748 5667; x_wconf 95' lang='lat' dir='ltr'><strong> </strong></span> 
     </span>
    </p>
   </div>
  </div>
 </body>
</html>
