3459 5667
449 714 629 809 ,summme
647 716 723 788 lecit
736 728 769 789 et
786 719 842 808 qui
861 720 959 789 tutem
975 717 1079 789 artem
1098 715 1188 788 illim
1207 720 1268 789 seit
1285 730 1318 789 et
1335 717 1390 810 qni
1409 716 1531 804 nescit,
1550 730 1588 789 et

444 835 619 904 interdum
639 836 758 919 evenit,
778 834 877 926 [nol.
902 844 968 919 aa]
988 837 1047 904 Dei
1072 837 1325 924 dispensatione,
1346 827 1382 906 ut
1406 838 1462 926 qni
1486 836 1586 905 modo

454 948 578 1036 indiget
596 948 630 1015 in
650 950 712 1017 hoc
729 949 870 1017 abundet
889 950 923 1016 in
941 950 1017 1037 alio,
1045 960 1077 1019 et
1102 952 1156 1039 qui
1183 950 1278 1019 modo
1302 952 1336 1018 in
1358 951 1422 1019 isto
1441 950 1587 1018 abundat

454 1060 489 1128 in
505 1062 567 1129 alio
582 1061 740 1149 indigeat3
755 1082 830 1130 narn
845 1063 993 1131 omnium
1007 1063 1104 1131 simul
1118 1064 1235 1131 artium
1249 1074 1424 1152 expertem,
1439 1073 1583 1153 utputo,

291 1236 292 1241 ,
405 1178 428 1246 ὅ
455 1176 619 1244 neminem
647 1178 735 1245 Deus
763 1176 850 1260 fecit,
879 1178 936 1245 sed
952 1178 1128 1267 unicuique
1153 1188 1209 1246 ant
1231 1197 1329 1247 unam
1352 1188 1409 1246 aut
1427 1179 1509 1247 duas
1527 1186 1588 1246 aut

433 1293 436 1298 '
455 1289 552 1360 etiam
571 1300 637 1359 tres
655 1292 706 1359 rel
725 1290 897 1379 aliquoties
914 1292 1024 1379 plures
1041 1292 1161 1381 quibus
1182 1293 1270 1381 pasci
1290 1293 1391 1380 possit
1409 1292 1583 1380 concessit,

454 1419 492 1478 nt
511 1409 667 1498 glorietur
685 1412 772 1478 Deus
786 1427 842 1497 per
861 1411 970 1479 omnia
990 1411 1023 1479 in
1043 1431 1170 1480 omnes.
1187 1409 1333 1480 Orationi
1354 1431 1428 1478 cum
1444 1410 1585 1499 jejunio-

444 1540 527 1592 rum
545 1525 791 1613 vigiliarumque
814 1526 1014 1612 continuata,
1040 1525 1221 1594 secundum
1239 1525 1418 1614 regularem
1442 1535 1474 1593 et
1496 1526 1584 1594 anti-

454 1658 552 1725 quam
572 1651 698 1728 patrum
718 1640 831 1708 mundi
851 1640 948 1728 hujus
961 1651 1219 1728 contemptorum
1232 1640 1453 1724 traditionem,
1468 1640 1582 1707 mode-

384 1745 428 1813 10
453 1751 578 1820 ratione
602 1752 730 1821 instate.
753 1752 839 1835 Quid
866 1753 965 1840 igitur
988 1753 1125 1821 ulterius
1151 1753 1386 1820 immororlln
1409 1753 1462 1820 his
1483 1752 1582 1820 etiam

453 1865 558 1934 tribus
581 1866 764 1950 sententiis,
790 1866 817 1933 si
842 1866 924 1933 bene
948 1864 1134 1953 denodetis,
1159 1866 1363 1955 omniaque
1386 1866 1485 1953 hujus
1508 1865 1583 1933 tritae

453 1996 550 2067 qnam
569 1978 685 2065 cupitis
705 1978 869 2067 pertinent
886 1978 1032 2047 comodis
1051 1979 1102 2046 vel
1121 1978 1189 2047 sive
1207 1978 1331 2065 activae,
1347 1978 1415 2046 sive
1433 1978 1582 2066 specula-

452 2093 538 2179 tivae,
559 2093 626 2161 sive
655 2094 772 2181 pariter
801 2093 931 2182 utrique
957 2111 1088 2182 operam
1113 2094 1220 2161 uelitis
1246 2094 1335 2178 dare,
1360 2091 1578 2160 continentur.

452 2208 530 2274 Haec
557 2217 664 2275 entem
691 2206 776 2295 apud
803 2226 862 2275 ros
891 2227 1029 2295 semper,
1050 2225 1125 2276 cum
1153 2207 1302 2275 stabilem
1328 2208 1395 2274 Deo
1417 2214 1582 2295 prestante

369 2314 427 2383 415
453 2320 642 2389 inveneritis
663 2328 760 2403 [not.
782 2338 835 2391 aa
858 2328 907 2404 νο]
930 2322 1037 2391 locum
1060 2322 1094 2388 in
1118 2340 1184 2409 quo
1207 2322 1276 2389 haec
1298 2319 1481 2410 operimini,
1502 2319 1580 2386 reti·

453 2445 540 2521 nete,
557 2455 629 2524 qnae
648 2434 698 2503 vel
717 2454 736 2502 a
753 2456 806 2503 me
825 2436 875 2503 vel
894 2434 1022 2503 vidistis
1035 2436 1085 2502 vel
1105 2433 1264 2503 didicistis
1282 2435 1347 2522 agi,
1362 2436 1413 2503 rel
1426 2452 1450 2501 a
1468 2440 1581 2502 sancto

453 2548 591 2617 Patricio
615 2567 686 2637 quae
706 2550 773 2638 jann
796 2550 855 2617 tibi
881 2561 1013 2617 ostensa
1035 2559 1124 2634 sunt,
1148 2548 1199 2617 vel
1222 2564 1242 2616 a
1263 2563 1467 2637 quocumque
1491 2548 1581 2637 agio-

453 2661 649 2749 graphorum
668 2666 824 2730 sectatore
842 2661 1074 2730 catholicorum
1091 2658 1224 2729 donoro
1241 2659 1452 2729 ostendenda.
1477 2686 1493 2721 s

864 2985 1038 3063 CAPUT
1071 2985 1168 3061 XXI

701 3224 748 3292 De
766 3224 921 3309 manentis
939 3225 1165 3307 pdooupornm
1182 3221 1334 3288 attendis.

496 3484 515 3526 a
537 3461 697 3533 Caeterum
714 3481 790 3531 vero
809 3462 961 3551 figmenta
978 3472 1012 3530 et
1030 3473 1130 3531 novas
1147 3459 1405 3546 adinventiones,
1421 3468 1494 3548 quae
1511 3471 1578 3526 non

379 3572 425 3642 20
447 3574 623 3645 *habuerint
638 3575 765 3643 firmam
784 3574 824 3643 de
843 3588 933 3643 sacra
949 3575 1116 3664 Scriptura
1134 3574 1289 3658 radicem,
1303 3573 1406 3641 nolite
1420 3572 1576 3659 recipere,

451 3692 484 3760 et'
501 3702 613 3760 aarum
631 3688 755 3757 fabulas
773 3688 828 3777 qui
848 3708 905 3775 per
923 3689 1042 3756 multius
1063 3687 1244 3757 uadilla‘ndo
1268 3687 1456 3755 discurrunt
1473 3684 1578 3773 regio-

448 3826 521 3894 nes,
543 3806 599 3895 qui
612 3805 756 3873 multum
775 3786 906 3872 bibendi
921 3813 959 3871 et
975 3803 1164 3873 comedendi
1178 3831 1218 3853 ·-·-
1232 3802 1325 3891 quasi
1343 3799 1488 3870 taritatis
1507 3819 1579 3889 gra·

446 3922 508 4005 ‘tin
524 3930 560 3989 ut
578 3919 625 3987 illi
646 3920 858 4006 mentiuntur,
875 3918 924 3988 rel
945 3919 1080 3986 fratrum
1093 3919 1144 3986 vel
1163 3918 1328 4005 hospitum
1342 3917 1495 4003 adventu,
1511 3916 1581 3989 sive

444 4034 585 4125 'alicujus
603 4034 666 4102 diei
679 4034 858 4123 solempnis
875 4032 1025 4121 quamuis
1045 4049 1170 4120 magnae
1188 4031 1239 4099 vel
1250 4050 1360 4121 paruae
1378 4012 1577 4117 interventu,

377 4150 422 4221 25
450 4150 611 4221 vel'aliter
630 4148 901 4237 alicujuscunque
923 4166 1028 4215 causae
1046 4145 1175 4233 merito,
1200 4174 1240 4195 ·-·-·2
1260 4146 1381 4234 absque
1399 4145 1466 4213 ull'a
1483 4164 1579 4212 men·
1697 4190 1701 4199 -

449 4268 526 4338 stira
548 4265 606 4335 sed
626 4274 782 4355 quantum
804 4263 1015 4353 postulaverit
1037 4271 1161 4349 venter,
1175 4261 1279 4331 'salsas
1302 4260 1513 4330 introducunt
1535 4258 1578 4327 ad

439 4376 646 4463 ,manain
669 4378 755 4449 bono
769 4383 873 4462 luet.
894 4382 961 4460 sa]
986 4396 1077 4446 more
1095 4375 1242 4446 stabilita
1266 4373 1484 4463 auctoritates,
1508 4390 1577 4440 non
