3459 5667
598 582 773 650 ..75-

120 733 188 792 tam
216 723 270 792 iile
296 740 395 811 qnam
422 723 472 791 sni
499 724 674 812 potationis
701 743 819 814 genere
842 723 986 792 contenti
1011 723 1247 796 reficiebantur.

120 838 241 906 Vinum
260 839 406 924 omnino,
427 838 491 906 nIsi
515 840 601 927 quod
624 849 750 908 tantum
777 840 811 906 in
835 847 1040 907 sacrosancto
1063 839 1162 910 calice
1185 842 1251 910 Do-

117 952 203 1020 mini
231 952 354 1020 solebat
380 953 573 1039 consecrari,
603 952 779 1041 paenitendi
807 970 904 1020 causa
931 952 1130 1022 nesciebant.
1161 953 1253 1022 Unde

121 1086 198 1155 ergo
217 1065 270 1134 isti
290 1066 371 1134 tales
390 1065 532 1154 liquores
546 1066 651 1135 audiri
671 1066 705 1133 in
725 1066 921 1134 monasterio
936 1065 1037 1134 sancti
1058 1066 1252 1135 Uuinualoei

121 1201 183 1250 neo
202 1190 309 1248 tamen
328 1199 470 1269 unquam
490 1181 591 1249 rideri
614 1182 664 1249 nel
689 1180 852 1269 degustari
880 1188 1067 1269 potuerunt.
1087 1181 1175 1250 Talis
1193 1201 1252 1250 an·
1303 1177 1326 1246 5

121 1307 189 1365 tem
211 1315 264 1364 ars
287 1295 461 1384 unicuique
479 1295 542 1386 [11,
562 1306 635 1365 rot.
652 1295 723 1386 ιι]
747 1317 860 1364 eorum
880 1295 1015 1365 dabatur
1033 1306 1070 1363 ut
1094 1316 1134 1366 ex
1157 1317 1253 1386 opere

123 1429 281 1479 manuum
300 1409 474 1495 cotidiano,
490 1409 575 1477 sicut
592 1409 731 1498 AEgyptii
748 1410 910 1497 monachi,
932 1430 968 1478 se
986 1421 1095 1499 posset
1114 1411 1147 1480 in
1166 1412 1254 1481 victu

124 1525 306 1595 necessario
324 1525 496 1593 contineri.
513 1525 595 1594 Nam
614 1545 680 1593 non
696 1527 803 1594 squm
819 1527 1064 1614 monachorum,
1081 1526 1137 1596 sed
1156 1527 1253 1596 etiam

124 1641 354 1708 heremitarum
374 1640 546 1708 currebant
564 1661 621 1728 per
638 1641 800 1709 semitam.

170 1756 212 1822 Et
229 1755 298 1822 baec
314 1754 446 1843 quidem
465 1755 516 1823 ies
534 1755 603 1824 sive
625 1757 736 1844 regula
763 1776 819 1844 per
841 1765 986 1846 tempora
1010 1757 1105 1846 longa
1129 1754 1255 1824 refulsit
1276 1745 1328 1816 II)

124 1872 161 1940 in
184 1870 247 1938 isto
271 1869 484 1954 monasterio,
504 1869 617 1955 idest,
637 1871 677 1938 ab
709 1872 764 1940 iilo
792 1881 938 1960 tempore
966 1891 1030 1960 qno
1060 1870 1254 1955 GradIonus,

123 2004 222 2074 quem
252 1985 415 2073 appeilant
441 1986 607 2075 Magnum,
628 1987 805 2055 Britanniae
824 1987 956 2056 tenebat
974 1997 1137 2075 sceptrum
1152 2004 1256 2074 usque
1357 2054 1362 2064 ,

124 2097 168 2166 ad
182 2116 305 2166 annum
324 2097 518 2168 Hindouuici
539 2098 675 2186 piissimi
693 2099 832 2188 Augusti
859 2099 985 2187 imperii
1004 2101 1168 2189 quintum,
1188 2101 1256 2168 Do-

125 2211 255 2281 minioae
272 2222 381 2281 autem
399 2213 635 2283 InoarnationIs
656 2214 962 2302 octingentesimum
989 2225 1137 2286 octavum
1166 2215 1254 2285 deci·

125 2347 229 2395 mum.
250 2328 294 2395 At
316 2338 399 2413 tum,
425 2349 499 2396 cnm
523 2329 589 2417 jam
613 2329 653 2396 ab
677 2329 910 2398 infirmioribus
933 2330 1113 2419 quibusque
1138 2329 1254 2420 refugi,
1286 2327 1329 2396 ta

116 2452 257 2532 propter
274 2443 493 2512 difficultatem
517 2444 677 2530 videlicet,
698 2443 866 2513 ridebatur
887 2472 895 2513 :
917 2447 1035 2534 quippe
1057 2445 1175 2535 quibus
1197 2464 1258 2514 nec

126 2555 317 2624 etiamnum
335 2558 435 2626 tantis
452 2558 694 2626 difficultatibus
713 2559 866 2646 predictis
884 2559 1047 2628 sufficiens
1066 2559 1258 2648 prebebatur

124 2669 368 2756 indumentum,
389 2672 422 2740 id
445 2683 506 2759 est,
526 2673 590 2740 nisi
611 2683 667 2741 ant
686 2692 751 2741 una
769 2683 896 2741 tantum
916 2674 1024 2744 tunica
1043 2695 1117 2742 cum
1138 2675 1257 2744 melote

119 2792 159 2852 -et
176 2783 293 2871 pedum
313 2783 503 2854 indumento
523 2796 588 2854 tam
607 2786 641 2853 in
665 2786 718 2855 die
740 2806 836 2876 quam
866 2787 902 2854 in'
924 2795 1019 2856 nocte
1041 2788 1222 2856 contentis
1240 2825 1256 2838 -

124 2908 210 2982 rent,
226 2908 323 2986 atque
342 2898 485 2986 palliolo,
502 2899 529 2967 si
549 2909 656 2968 tamen
676 2900 900 2989 proficiscendi
919 2900 1095 2970 necessitas
1115 2911 1255 2989 urgeret,
1285 2895 1330 2964 ab

124 3011 234 3080 addito
256 3039 263 3078 :
285 3012 420 3101 contigit
448 3023 484 3080 ut
512 3013 597 3082 idem
621 3013 849 3082 serenissimus
877 3013 1050 3100 imperator
1079 3011 1255 3100 predictus,

125 3124 205 3192 dnm
223 3123 257 3191 in
276 3124 386 3193 eadem
411 3125 507 3194 istius
528 3127 701 3194 Britanniae
721 3126 885 3214 provincia
904 3137 1008 3194 castra
1026 3125 1138 3194 fixerat
1161 3145 1257 3213 super

125 3237 261 3306 fluvium
275 3239 437 3327 Eleginm,
455 3239 546 3328 juxta
560 3240 675 3309 silvam
693 3260 766 3328 qnae
780 3239 898 3308 dicitur
913 3239 1059 3321 Brisiaci,
1075 3239 1144 3307 baec
1160 3257 1257 3306 manu

125 3353 256 3443 propria
274 3353 426 3444 dirigeret
443 3355 607 3443 mandata,
629 3355 692 3424 isto
711 3355 839 3424 dicente
858 3354 967 3424 modo.

430 3737 432 3743 .
535 3675 709 3749 CAPUT
746 3675 851 3749 XIII

398 3921 445 3985 De
458 3927 600 4003 precepto
620 3919 757 4002 ejusdem
774 3920 985 4002 imperatoris.

177 4165 236 4242 [n,
263 4169 336 4227 rot.
367 4173 420 4228 aa
449 4159 501 4246 vo]
537 4157 574 4224 In
612 4156 745 4225 nomine
781 4157 837 4224 Dei
877 4165 910 4224 et
946 4154 1119 4225 salvatoris
1156 4150 1259 4220 nostri
1288 4159 1333 4228 25

130 4269 231 4338 Ibesu
269 4269 390 4337 Christi
426 4269 663 4356 Hiudouuicus‚
702 4268 810 4336 divina
852 4269 1023 4336 ordinante
1060 4265 1261 4356 prouidentia

133 4385 307 4474 imperator
331 4386 509 4475 Angustus,
543 4385 695 4454 omnibns
725 4384 885 4473 episcopis
914 4394 946 4452 et
974 4382 1125 4452 universo
1155 4380 1261 4449 ordini
1370 4475 1373 4480 ,
