3459 5667
1821 634 1914 657 --.
1962 595 2092 663 118
2139 633 2218 649 -·

990 746 1182 822 [πω.
1231 750 1395 805 1²5
1435 742 1533 820 νο]
1582 761 1607 796 «
1653 735 1707 802 Ο
1749 743 1969 804 custos
2018 735 2244 821 vineae,
2284 738 2637 822 premissos
2673 746 2821 806 ante
2865 758 3162 806 racemus

982 854 1187 918 Tanta
1224 869 1493 938 sequere
1529 848 1869 918 habiturus
1905 848 2056 917 vitis
2094 849 2381 939 praemia,
2425 870 2717 918 summus

986 966 1143 1034 Post
1180 963 1449 1033 sudores
1485 974 1677 1052 atque
1713 975 1914 1033 aestus
1949 963 2326 1052 pluviasque
2365 966 2705 1050 malignae.

990 1078 1246 1166 Optima
1281 1097 1561 1167 namque
1597 1078 1702 1146 die
1741 1087 2062 1166 prestatur
2099 1078 2378 1145 crastina
2415 1098 2689 1158 maresa,

790 1190 850 1274 ,5
990 1198 1072 1262 Et
1106 1194 1241 1262 caeli
1277 1194 1477 1283 janua
1513 1205 1578 1262 et
1614 1194 1848 1281 sceptri
1887 1193 2005 1261 tibi
2043 1192 2347 1282 panditur
2385 1194 2553 1262 aula*

990 1310 1161 1377 rante
1195 1307 1323 1375 diei
1361 1306 1638 1376 mediam
1676 1317 1968 1376 sumetur
2006 1307 2293 1396 corporis
2328 1307 2553 1375 horam

990 1421 1221 1490 vitalis
1257 1422 1449 1490 ssatus
1485 1431 1550 1490 et
1588 1441 1912 1490 summam
1950 1421 2216 1490 scandet
2255 1422 2322 1489 in
2362 1440 2597 1490 arcem.

998 1538 1305 1606 Summus
1331 1537 1462 1619 *erit
1497 1536 1725 1605 ductor
1760 1537 2017 1605 stellato
2053 1536 2310 1604 tramite
2349 1534 2665 1606 Christus.

994 1650 1161 1730 Quin
1200 1669 1341 1740 age,
1384 1649 1710 1739 pernicius
1752 1649 2004 1718 custodi
2044 1649 2230 1717 mitte
2265 1649 2609 1718 novellam.
2665 1678 2689 1710 n

770 1766 854 1834 1ss
998 1762 1281 1847 Dixerat,
1323 1772 1386 1830 et
1423 1762 1631 1830 niveis
1667 1783 1896 1851 prepes
1935 1783 2004 1830 se
2044 1762 2306 1850 corripit
2344 1762 2485 1830 alie.

998 1878 1169 1966 Ergo
1205 1877 1401 1945 dehin
1440 1887 1704 1945 sanctus
1742 1877 2028 1946 collectis
2066 1877 2489 1946 Winualoeus

1002 1991 1287 2078 Replicat
1322 2011 1432 2060 ore
1468 1992 1715 2060 micans
1753 1991 2078 2059 sociorum
2116 1991 2390 2060 coetibus
2427 1994 2637 2058 almis

1002 2106 1089 2170 At
1126 2103 1352 2172 fratres
1388 2104 1616 2171 humili
1654 2103 2014 2192 deposcunt
2048 2123 2206 2173 voce
2245 2106 2493 2173 moneri

1006 2218 1488 2307 Cujuscumque
1525 2219 1711 2287 ducis
1749 2219 2058 2288 deberent
2096 2239 2236 2287 esse
2274 2238 2605 2308 sequanos,

778 2334 862 2402 15
1006 2329 1118 2398 Ille
1154 2339 1370 2398 tamen
1414 2360 1428 2399 ε
1479 2359 1509 2392 α
1553 2331 1755 2399 Dulce
1792 2331 1977 2420 cujus
2014 2332 2140 2398 mel
2181 2331 2364 2398 fluxit
2400 2330 2469 2398 in
2509 2354 2621 2398 ure

1010 2446 1254 2514 Succus
1292 2455 1356 2514 et
1392 2445 1683 2532 absintii,
1723 2447 1900 2515 hunc
1934 2446 2115 2514 vobis
2152 2448 2485 2535 preponito
2525 2450 2737 2518 talem.
2789 2478 2817 2510 n

1010 2562 1281 2645 Interea,
1322 2558 1511 2627 dictis
1546 2558 1701 2627 dum
1741 2560 2030 2629 condunt
2065 2561 2218 2628 talia
2255 2562 2481 2646 sacris,

1010 2673 1256 2759 Tereia,
1298 2692 1477 2743 more
1514 2695 1663 2761 suo,
1704 2675 1978 2744 ducebat
2014 2675 2198 2765 signa
2235 2677 2557 2746 Phoebu5.

1014 2786 1214 2878 [Pol.
1262 2789 1457 2879 128]
1497 2791 1800 2859 Vestibus
1847 2791 1998 2859 hinc
2042 2792 2242 2860 sacris
2292 2791 2557 2862 indutus
2603 2814 2837 2882 corpus
2881 2794 2950 2862 in
2990 2794 3170 2874 albis,⁵

782 2910 870 2994 21]
1014 2906 1255 2972 Panem
1291 2902 1461 2971 dona
1497 2904 1631 2972 Deo
1670 2922 1924 2972 sacrum
1960 2905 2224 2995 vinique
2262 2905 2577 2993 liquorem

1014 3017 1243 3107 Offert‚
1284 3029 1477 3107 atque
1516 3019 1801 3087 animam
1840 3020 1944 3089 his
1982 3020 2274 3090 firmatus
2311 3022 2505 3090 corda
2545 3022 2833 3110 sacratis-l,

1018 3132 1199 3201 Binis
1234 3133 1515 3202 annixus
1552 3135 1914 3222 monachiS,
1957 3134 2182 3204 altaria
2218 3135 2403 3221 citra,

1022 3246 1182 3315 Cum
1222 3249 1479 3319 Christo
1516 3250 1775 3336 comite,
1817 3250 2157 3338 psallentia
2191 3252 2385 3319 verba
2420 3254 2689 3338 remisit,

1022 3362 1195 3431 Inter
1232 3372 1297 3431 et
1332 3364 1658 3453 angelicos
1695 3365 1932 3453 gaudet
1967 3364 2305 3433 habiturus
2342 3366 2645 3434 honorea-

794 3494 882 3562 ΕΒ
1022 3478 1193 3546 Mars
1228 3486 1293 3544 et
1329 3478 1661 3546 Nonarum
1699 3479 1999 3567 carpebat
2034 3479 2200 3547 sorte
2235 3479 2481 3547 dierum

1026 3590 1359 3678 Quintum,
1400 3591 1557 3659 dum
1596 3603 1860 3662 sanctus
1895 3603 2184 3661 vectatur
2222 3594 2288 3661 in
2326 3595 2565 3662 aethera
2601 3594 2833 3682 plenus

1026 3705 1375 3794 Virtutum,
1417 3706 1652 3774 studiis
1689 3718 1754 3775 et
1791 3727 2046 3775 morum
2083 3729 2162 3776 ex
2197 3727 2428 3797 aggere
2465 3710 2689 3794 fultura,

1030 3820 1327 3908 Corporis
1364 3821 1646 3890 intactus
1684 3824 1928 3912 gemitu
1966 3832 2158 3912 atque
2195 3823 2449 3907 dolore;
2489 3826 2601 3890 sed
2641 3826 2829 3890 almis

1026 3934 1299 4024 Jejuniis
1336 3935 1596 4003 Paschae
1635 3934 1826 4005 denis
1862 3947 2086 4025 quater
2123 3936 2260 4023 ipse
2297 3937 2549 4022 diebus,

802 4060 890 4142 3⁴1}
1030 4049 1421 4118 Conscendit
1455 4050 1697 4117 celsum
1738 4061 1917 4118 trans
1952 4051 2160 4119 nubes
2196 4051 2399 4119 victor
2435 4050 2837 4138 Olimphurn.

1030 4166 1271 4247 Quarta
1310 4185 1540 4256 gerens
1577 4165 1913 4255 globulum
1949 4167 2104 4235 seria
2142 4175 2279 4234 tum
2317 4176 2603 4254 tempore
2641 4169 2922 4254 primurn

1034 4282 1270 4346 Lucem
1309 4299 1422 4368 per
1457 4289 1660 4347 terras
1696 4281 2031 4369 spargebat
2069 4280 2341 4348 candida
2377 4294 2665 4366 cunetas,

1038 4394 1115 4460 Et
1150 4393 1289 4461 caeli
1327 4392 1613 4482 medium
1641 4382 1751 4462 *sol
1789 4394 2000 4462 clarus
2037 4393 2376 4462 scanderat
2409 4410 2621 4474 axem,

2809 5267 3380 5642 ml
