3459 5667
931 574 1111 644 ...32-

455 724 491 782 ut
519 731 615 785 anser
642 714 671 781 ei
701 714 881 782 transeunti
905 700 1251 783 ⁴obvians'occurreret
1277 723 1321 801 et,
1351 734 1423 783 sese
1447 716 1586 803 superbe

453 824 685 913 contrahendo,
708 825 836 893 oculum
857 826 927 915 ejus
944 847 1018 894 cum
1039 826 1146 895 radice
1164 825 1321 914 diripiens
1340 826 1469 914 penitus
1488 848 1584 896 erue-

453 949 502 1009 ret
529 950 626 1029 atque
653 940 718 1008 cito
743 940 940 1010 absorberet.
962 940 1086 1009 Dehinc
1111 940 1217 1030 puella
1241 939 1469 1027 pulcherrima,
1489 959 1508 1008 a
1526 958 1584 1029 pa·

452 1054 599 1122 rentibus
618 1054 740 1122 cervice
755 1065 859 1123 erecta
872 1075 946 1123 cum
961 1054 1078 1144 gaudio
1092 1072 1234 1143 egressa,
1250 1054 1290 1121 ad
1303 1054 1435 1123 eosdem
1454 1060 1586 1123 curvato

387 1157 429 1241 Β
453 1169 567 1259 capite,
584 1169 655 1238 loco
674 1169 807 1238 luminis
826 1170 860 1237 in
876 1171 985 1239 'fronte
999 1170 1169 1240 inhoneste
1185 1189 1285 1238 vacuo
1302 1179 1488 1259 apparente,
1504 1169 1586 1238 facie

452 1306 564 1369 cruore
595 1287 768 1375 pertincta,
801 1286 956 1355 deformis
988 1308 1061 1356 cum
1094 1288 1225 1376 planctu
1256 1286 1455 1376 regreditur;
1489 1298 1586 1377 atque

452 1398 644 1467 miserorum
682 1409 761 1467 tunc
796 1399 952 1485 exoritur,
985 1401 1077 1490 quasi
1115 1422 1212 1491 snper
1248 1401 1390 1489 gelidum
1429 1402 1583 1490 cadaver,

453 1511 638 1601 clamorque
665 1513 879 1601 planctusque
905 1525 1088 1603 parentum.
1116 1514 1166 1582 Illi
1190 1523 1311 1600 autem,
1331 1514 1471 1586 maximo
1495 1535 1585 1583 com-

452 1624 555 1715 pressi
584 1626 708 1711 dolore,
738 1628 946 1696 sciscitantur
972 1628 1127 1696 familiam
1155 1647 1247 1696 suam
1275 1628 1376 1718 [ναι.
1400 1632 1472 1717 ns]
1502 1650 1584 1718 quo-

384 1739 428 1822 lO
453 1758 528 1807 nam
549 1740 645 1809 modo
665 1740 788 1809 dilectae
807 1741 881 1809 tiliae
899 1761 967 1809 suae
986 1743 1047 1809 boc
1066 1742 1234 1810 accidisset
1252 1740 1432 1811 indicarent
1448 1743 1581 1811 malum.

452 1856 493 1923 Et
512 1856 629 1937 eidem,
651 1856 706 1925 illa
723 1868 829 1925 autem
849 1878 907 1946 pre
931 1857 1096 1943 omnibus,
1117 1878 1152 1926 se
1177 1858 1311 1927 omuino
1336 1856 1461 1926 nescire
1486 1857 1585 1926 dene-

453 1969 584 2058 gabant,
600 1970 675 2058 quin
690 1970 795 2039 adhuc
809 1970 970 2038 infantula
982 1980 1063 2055 erat,
1079 1980 1112 2039 et
1130 1971 1205 2060 quia
1225 1970 1316 2061 quasi
1336 1971 1457 2059 percito
1475 1971 1584 2039 volatu

454 2081 520 2151 ales
539 2081 703 2171 predictus
721 2082 848 2150 ferisset
870 2082 973 2167 illam,
994 2092 1030 2150 ut
1053 2081 1107 2153 vix
1130 2083 1255 2152 dinosci
1279 2083 1364 2152 inter
1382 2083 1463 2151 alias
1481 2083 1583 2172 pluri-

454 2216 524 2265 mas
551 2207 658 2285 queat.
681 2197 745 2266 Sed
772 2198 840 2265 baec
868 2197 977 2285 sepius
1004 2198 1090 2267 iuter
1116 2198 1212 2267 fletus
1237 2198 1521 2286 commemorabat,
1547 2218 1585 2266 ex

386 2306 428 2375 15
453 2310 514 2378 hae
532 2310 603 2379 luce
622 2330 657 2379 se
675 2310 884 2400 migraturam
903 2312 965 2379 nisi
980 2312 1135 2379 auxilium
1154 2312 1184 2381 ei
1203 2311 1359 2381 continuo
1372 2321 1580 2401 prestaretur.

498 2426 581 2495 Ecce
599 2446 688 2512 uero,
709 2425 787 2493 dum
806 2426 875 2494 baec
893 2436 1077 2516 agerentur,
1097 2427 1233 2517 augelus
1251 2427 1381 2495 Domini
1399 2426 1433 2493 in
1460 2425 1584 2494 somnis

454 2540 662 2629 subsequenti
700 2550 794 2609 nocte
829 2541 978 2631 apparuit
1013 2552 1124 2611 sancto
1161 2542 1396 2631 Guingualoeo,
1429 2539 1542 2609 diceus
1572 2566 1581 2607 ι

457 2683 472 2716 α
504 2656 622 2725 Sancte
649 2656 706 2723 Dei
736 2655 968 2746 Guingualoee.
1002 2684 1017 2717 »
1048 2655 1119 2738 Quo
1146 2656 1365 2746 respondente
1394 2682 1402 2723 ι
1434 2655 1582 2723 «Presto

454 2789 540 2857 sum,
569 2769 625 2838 ait.
650 2797 665 2830 t>
686 2807 731 2819 -
756 2796 771 2829 <r
800 2769 915 2859 Surge,
944 2767 1073 2855 festina,
1106 2769 1262 2856 discurre,
1292 2768 1389 2837 corda
1417 2778 1583 2856 parentum

383 2877 428 2947 20
454 2890 583 2949 tuorum
602 2882 719 2969 releva,
740 2901 816 2950 uam
836 2883 937 2951 nimia
956 2883 1053 2951 modo
1077 2893 1330 2973 coangustantur
1347 2882 1495 2951 tristicia.
1512 2882 1583 2950 Nou

454 2994 511 3063 des
536 2995 679 3084 requiem
703 2995 862 3084 palpebris
890 2997 967 3083 tuis,
989 3016 1049 3064 nec
1074 2996 1159 3065 oculi
1186 2997 1234 3065 tui
1263 2996 1391 3085 capiant
1418 3016 1581 3079 somnum,

454 3106 557 3176 donec
576 3107 632 3176 tibi
653 3108 781 3197 jussum
806 3108 925 3177 Christi
950 3109 1133 3198 impleveris
1152 3109 1351 3178 mandatum.
1372 3110 1454 3177 Nam
1476 3109 1581 3195 bodie,

455 3242 604 3292 anserum
625 3224 767 3292 masculo
787 3223 946 3309 trahente,
967 3224 1062 3293 unica
1081 3244 1233 3313 germana
1251 3235 1307 3293 tua
1325 3226 1423 3313 [uot-
1449 3242 1503 3296 ιο
1529 3221 1584 3314 1⁷⁰]

454 3338 593 3428 perdidit
615 3339 744 3407 oculum
768 3359 878 3426 suum,
900 3349 932 3407 et
955 3349 1104 3428 parentes
1129 3341 1177 3408 tui
1204 3340 1350 3409 dolentes
1375 3340 1486 3409 miseri
1510 3360 1583 3408 nes·

385 3454 429 3521 25
455 3453 546 3522 ciunt
564 3472 661 3541 quam
680 3453 721 3521 ob
740 3472 870 3523 causam
889 3454 1044 3523 amiserit.
1067 3454 1131 3523 Sed
1150 3455 1241 3524 locus
1264 3456 1297 3523 in
1317 3476 1381 3544 quo
1400 3465 1449 3524 est
1469 3474 1584 3524 recou-

455 3565 542 3634 ditns
560 3577 672 3633 venter
691 3567 814 3635 anseris
832 3576 893 3635 est.
914 3567 967 3635 Nil
988 3568 1085 3656 igitur
1103 3569 1137 3636 in
1161 3569 1257 3637 corde
1278 3579 1333 3637 tuo
1353 3562 1584 3654 hesitans,.sed

416 3766 420 3774 ⁵
455 3700 582 3769 semper
600 3679 703 3748 fidens
723 3679 762 3748 de
783 3682 839 3748 Dei
864 3681 1085 3750 misericordia
1110 3681 1166 3771 qni
1190 3702 1284 3771 opem
1308 3682 1391 3750 ferre
1419 3679 1585 3750 consuerit

455 3804 541 3861 recte
567 3792 817 3882 postulantibus,
850 3793 929 3862 dum
957 3793 998 3861 ad
1025 3794 1132 3863 locum
1162 3795 1347 3884 perveneris
1374 3794 1582 3881 destinatum,

455 3908 550 3977 tolles
577 3927 668 3977 avem
696 3908 883 3997 predictam.
910 3910 982 3978 Non
1011 3910 1098 3979 enim
1127 3910 1188 3978 erit
1215 3910 1273 3978 tibi
1302 3910 1435 3979 omnino
1460 3910 1581 3999 ignota,

386 4019 430 4088 30
456 4040 531 4089 nam
556 4024 621 4091 alta
650 4023 729 4092 alias
757 4024 988 4113 supereminet,
1009 4037 1042 4093 et
1068 4025 1250 4095 eviscerans
1274 4011 1497 4094 ventriculum*
1516 4024 1605 4113 ejus¹

423 4187 425 4191 -
455 4136 591 4225 recipies
610 4138 739 4206 oculum
759 4138 880 4208 sororis
899 4150 974 4229 tuae,
994 4159 1032 4208 ao
1051 4160 1166 4209 sanum
1186 4139 1444 4229 incolumemque
1462 4138 1494 4206 in
1515 4140 1584 4207 loco

455 4250 593 4342 pristino
620 4252 803 4322 collocabis.
830 4254 990 4323 Dominus
1018 4256 1120 4341 enim,
1151 4256 1204 4324 cui
1233 4276 1298 4324 non
1322 4254 1512 4344 inpossibile
1536 4262 1585 4321 est

456 4364 566 4435 ullum·
578 4367 724 4455 verbum,
741 4369 803 4439 boc
816 4388 873 4457 per
890 4379 923 4440 te
936 4368 1031 4441 saciet
1049 4369 1193 4460 signum,
1208 4390 1247 4441 ac
1257 4380 1347 4441 tuam
1362 4379 1482 4458 perte,
1497 4368 1583 4455 dico,
