3459 5667
627 627 803 701 ...33-

148 788 223 840 ecce
242 788 376 860 serpens
390 770 527 861 gelidus,
544 770 612 841 sole
630 773 821 860 calescente,
839 771 944 842 caveis
960 769 1029 840 suis
1047 768 1184 841 circulos
1201 789 1279 841 suos
1365 762 1368 769 ’

148 884 313 971 explicans
326 884 443 972 erupit,
464 894 561 974 atque
580 904 619 953 ex
634 885 744 975 lingua
759 886 924 954 trisulcata
937 884 1038 955 ictum
1057 886 1279 954 acutissimum

148 998 291 1087 vibrans,
308 1021 418 1070 morsu
438 1001 551 1090 pedem
572 1002 642 1092 ejus
660 1013 793 1072 cruento
812 1003 954 1091 guttulas
974 1004 1188 1072 commiscens
1206 1003 1280 1071 ferit

147 1112 284 1182 virosas.
314 1114 386 1197 Quo
414 1114 523 1184 statim
553 1116 649 1204 laeto,
675 1117 808 1187 callidus
840 1138 973 1206 serpens
994 1118 1144 1207 argillosa
1166 1116 1281 1206 quaerit

148 1225 295 1295 latibula.
312 1227 370 1296 llle
389 1238 497 1296 autern
516 1228 770 1319 expergefactus,
785 1251 911 1300 ueneno
927 1231 994 1319 iam
1013 1250 1080 1300 non
1099 1230 1205 1298 solum
1225 1250 1281 1317 per
1330 1224 1352 1293 ὅ

147 1338 262 1427 pedem
282 1340 340 1408 sed
358 1360 414 1429 per
431 1351 548 1411 cuncta
566 1362 630 1410 non
652 1343 805 1432 paulatim
826 1352 992 1432 grassante
1007 1343 1073 1432 jam
1093 1352 1281 1431 turgescen-

146 1451 195 1520 tia
213 1452 370 1533 membra,
386 1474 525 1542 pergens
540 1454 581 1523 ad
600 1456 791 1544 magistrum
807 1476 903 1525 suum
917 1455 1032 1545 pedem
1044 1455 1199 1541 ostendit,
1217 1455 1280 1524 ini·

147 1564 230 1634 tium
249 1585 445 1658 causamque
463 1569 585 1639 doloris
603 1572 766 1641 nesciens.

194 1681 294 1773 [lton.
322 1701 376 1753 nr
407 1684 460 1775 vo]
489 1688 532 1754 At
565 1699 697 1757 sanctus
729 1685 965 1771 Uuinualoeus,
998 1687 1113 1776 pedem
1144 1707 1281 1756 cernens

147 1796 233 1868 ultra
264 1818 361 1889 quam
390 1802 609 1892 credipotest
637 1806 813 1875 distentum
842 1814 875 1873 et
907 1814 1012 1873 cetera
1041 1803 1185 1873 membra
1213 1805 1280 1893 jam
1310 1804 1354 1873 lb

147 1931 205 1999 pre
228 1922 354 1983 tumore
377 1916 568 1986 candescere
591 1918 808 2008 incipientia:
835 1945 848 1979 s
870 1918 931 1986 Ubi
950 1920 1024 2005 boc,
1046 1918 1164 2007 inquit,
1185 1918 1282 1987 frater

147 2025 328 2112 carissime,
348 2029 471 2118 antiqui
500 2030 603 2099 hostis
631 2031 764 2120 potuisti
788 2030 934 2099 invenire
961 2029 1155 2118 vestigium?
1182 2057 1196 2091 u
1223 2029 1282 2097 Ille

147 2148 255 2206 autem
283 2138 456 2230 deplorans
481 2143 527 2211 ait
552 2170 560 2212 ι
590 2142 755 2231 «Nescio,
776 2142 924 2230 domine,
950 2163 1052 2210 unum
1073 2153 1180 2211 autem
1199 2143 1280 2227 scio,

147 2250 223 2339 quia
246 2251 310 2319 nisi
334 2253 467 2343 adjuves
493 2276 545 2323 me
572 2266 752 2326 extremum
776 2254 925 2324 funditus
947 2253 1142 2323 miserabilis
1170 2254 1278 2343 sortis,

147 2363 352 2453 prohdolor,
378 2387 443 2435 non
464 2368 594 2438 visurus
613 2369 839 2438 adolescentiae
856 2368 907 2437 vel
933 2377 1061 2436 aetatem
1086 2368 1278 2457 juventutis,
1310 2372 1353 2440 lb

148 2479 248 2548 miser
275 2490 308 2549 et
335 2480 503 2570 indignus,
532 2493 607 2553 ante
634 2502 733 2552 unam
761 2484 858 2551 etiam
878 2484 990 2552 boram
1017 2483 1196 2570 persolvam
1221 2482 1279 2551 de·

147 2588 264 2660 bitum.
291 2592 358 2661 Aut
389 2594 418 2661 si
448 2595 505 2663 tibi
534 2604 661 2664 tantum
693 2596 728 2663 in
756 2616 829 2681 nos,
859 2595 994 2684 inquam
1027 2595 1061 2662 in
1094 2604 1180 2682 tuos,
1215 2595 1280 2664 ler-

147 2696 240 2772 reum
264 2715 377 2793 pectus
408 2716 440 2775 et
466 2707 536 2775 dira
561 2708 727 2796 precordia
755 2719 787 2777 et
815 2718 905 2776 tanta
933 2707 1117 2795 crudelitas,
1143 2729 1201 2777 cur
1226 2728 1279 2777 ar·

147 2826 245 2907 gento
270 2817 375 2888 lenior
401 2820 489 2890 lento
518 2822 552 2889 in
580 2823 661 2891 alios
688 2822 728 2890 ad
758 2820 1011 2890 misericordiam
1040 2822 1280 2909 promptissime

147 2930 309 2999 mollirisP
341 2951 397 3000 cur
427 2934 496 3002 lilio
530 2934 658 3003 mollior
690 2934 724 3002 in
757 2944 882 3003 ceteros
912 2932 1075 3001 flecteris?
1108 2953 1166 3002 cur
1200 2954 1279 3005 auro
1307 2941 1353 3009 20

147 3042 261 3112 clarior
284 3044 457 3133 purissimo
486 3047 520 3114 in
543 3047 702 3136 quosdam
725 3047 869 3116 renites?
898 3068 956 3115 cur
987 3065 1060 3115 rosa
1091 3046 1279 3136 flagrantior
1378 3035 1380 3037 ’

147 3158 180 3225 in
213 3170 339 3229 exteros
370 3161 514 3231 redoles?
546 3162 608 3245 Qui
641 3163 740 3253 igitur
771 3182 846 3252 erga
877 3161 975 3249 [nor.
1003 3160 1075 3251 42]
1109 3173 1277 3231 extraneos

146 3274 285 3343 multum
313 3296 348 3345 es
378 3277 547 3365 sollicitus,
574 3277 655 3362 noli,
683 3298 798 3367 queso,
827 3277 921 3366 quasi
949 3276 1172 3365 dissimulans,
1204 3276 1280 3353 licet

146 3387 311 3477 indignos,
341 3411 492 3480 spernere
517 3402 549 3459 et
577 3391 800 3479 derelinquere
824 3402 908 3458 tuos.
938 3391 1073 3459 Confido
1102 3391 1189 3460 enim
1218 3410 1276 3478 per

146 3512 179 3571 te
206 3525 259 3573 me
286 3525 393 3593 posse,
424 3507 452 3575 si
481 3517 515 3575 tu
544 3506 606 3593 vis,
626 3506 795 3594 pristinam
823 3505 957 3592 adipisci
985 3508 1169 3591 sanitatem,
1202 3506 1280 3595 quia
1306 3518 1352 3586 25

146 3617 240 3687 firma
257 3629 353 3690 teneo
367 3621 430 3690 fide
444 3621 530 3711 quod
545 3641 755 3710 quaecumque
769 3619 955 3709 poposceris
968 3619 1057 3688 dabit
1071 3620 1128 3689 tibi
1142 3621 1242 3687 bens.
1261 3648 1276 3681 1>

146 3732 189 3800 Et
207 3732 277 3800 haec
294 3733 418 3821 dicens,
434 3733 526 3824 quasi
543 3735 610 3823 jam
630 3733 783 3803 exhalans
802 3734 964 3823 spiritum,
980 3732 1133 3803 membris
1152 3750 1278 3802 veneno

24 3840 25 3843 '
142 3844 213 3934 jam
232 3844 459 3935 defluentibus,
480 3847 521 3915 ad
539 3848 645 3916 solum
664 3847 890 3936 prosternitur.

192 3968 404 4038 Beatissimus
431 3980 539 4040 autem
572 3970 805 4056 Uuinualoeus,
835 3980 970 4057 paterno
1001 3969 1117 4039 allatus
1145 3968 1277 4052 affectu,

147 4078 283 4151 brachio
302 4091 476 4171 protracto,
497 4101 535 4152 ac
554 4083 717 4152 modicum
737 4081 909 4151 subridens
933 4111 941 4150 ι
971 4109 985 4144 a
1011 4082 1138 4168 Tibine,
1160 4080 1278 4169 inquit,
1307 4083 1353 4153 30

149 4193 258 4263 somni
284 4196 351 4283 jam
380 4195 517 4264 excessit
544 4195 653 4263 animo
683 4193 796 4262 locus?
817 4194 924 4261 Nichil
952 4193 1014 4262 nisi
1042 4213 1100 4284 per
1128 4212 1280 4261 somnum

147 4308 303 4397 antiquus
318 4308 375 4377 tibi
395 4308 501 4398 potuit
514 4328 631 4378 nocere
646 4307 807 4377 inimicus.
825 4308 1050 4377 Mandaveram
1065 4306 1223 4395 siquidem
1239 4326 1280 4373 ne

147 4424 224 4519 quis
242 4426 354 4495 boram
373 4425 570 4515 dormiendi,
585 4425 668 4497 sicut
682 4446 743 4495 nec
755 4424 945 4496 comedendi
963 4422 1014 4494 uel
1027 4421 1173 4512 bibendi,
1189 4441 1281 4534 quaef
