3459 5667
927 581 1105 651 -30...

449 729 616 810 spargunt,
636 729 668 789 et
686 740 761 791 cum
790 722 824 789 in
851 723 916 791 alio
942 723 1013 793 loco
1036 724 1115 809 siut,
1136 723 1170 791 in
1195 722 1259 792 alio
1277 720 1495 811 resplendent.
1516 721 1579 805 Qui

449 834 537 901 enim
569 853 626 923 per
658 835 807 923 spiritum
843 837 1038 926 prophetie,
1071 837 1169 907 uerbo
1200 836 1372 921 doctrine,
1406 835 1580 904 miraculo-

448 965 522 1014 rum
553 942 653 1036 p'ollet
684 948 800 1036 gratia,
833 948 931 1039 hujus
960 951 1070 1039 opinio
1103 950 1199 1040 louge
1230 950 1358 1038 lateque
1388 958 1423 1017 ut
1455 948 1579 1037 lampas

451 1065 549 1143 [rol.
565 1077 620 1131 ιιι
641 1066 690 1144 vt]
715 1060 814 1147 lucet,
834 1072 868 1131 et
895 1064 1015 1153 quique
1043 1064 1128 1133 bona
1154 1064 1225 1152 ejus
1246 1063 1396 1150 audiunt,
1419 1062 1496 1151 quia
1522 1082 1579 1150 ρει

400 1175 423 1243 5
448 1174 518 1244 baec
534 1172 574 1243 ad
592 1193 735 1245 amorem
754 1177 931 1246 caelestium
954 1189 1111 1268 surgunt,
1132 1178 1166 1245 in
1190 1197 1230 1246 eo
1255 1175 1341 1265 quod
1360 1196 1397 1245 se
1419 1196 1476 1265 ρει
1494 1175 1579 1245 bona

448 1310 545 1380 opera
567 1291 731 1377 exhibent,
751 1292 843 1381 quasi
867 1314 908 1363 cx
929 1294 1088 1384 lampadis
1111 1294 1234 1363 lumine
1256 1293 1475 1382 resplendent.
1496 1292 1578 1375 Quia

449 1422 525 1493 ergo
544 1404 646 1473 sancti
664 1405 723 1473 riri
743 1405 901 1494 quosdam
923 1407 1018 1496 juxta
1041 1429 1077 1477 se
1101 1408 1226 1497 positos
1244 1407 1335 1496 quasi
1356 1404 1519 1497 tangendo
1537 1405 1578 1473 ad

448 1534 591 1586 amorem
610 1518 719 1606 patriae
742 1520 881 1589 caelestis
899 1522 1091 1606 accendunt,
1112 1522 1269 1591 carbones
1291 1530 1386 1607 sunt,
1408 1522 1485 1609 quia
1503 1539 1590 1589 vero·

448 1630 642 1720 quibusdam
665 1643 698 1699 et
717 1631 812 1721 longe
834 1635 947 1721 positis
969 1635 1078 1703 lucent
1098 1656 1209 1705 eorum
1235 1635 1362 1723 itinere,
1383 1655 1426 1703 ne
1449 1634 1483 1701 in
1502 1653 1577 1723 pec·

380 1752 424 1821 to
449 1741 511 1811 cati
531 1743 581 1811 sui
602 1744 751 1813 tenebras
770 1757 935 1834 corruant,
956 1747 1121 1835 lampades
1140 1758 1228 1817 suut.
1461 1745 1464 1750 ’

494 1859 563 1926 Hoc
580 1877 657 1926 uero
675 1858 760 1926 inter
777 1858 942 1947 lampades
960 1870 994 1929 ει
1012 1862 1169 1930 carbones
1187 1861 1297 1946 distat,
1319 1859 1406 1949 quod
1424 1860 1579 1929 carbones

450 1972 565 2042 ardent
593 1973 726 2063 quidem
754 1974 810 2065 sed
837 1975 909 2064 ejus
931 1976 991 2045 loci
1014 1977 1048 2044 iu
1071 1997 1136 2066 quo
1161 1977 1320 2066 jacuerint
1341 1976 1491 2046 tenebras
1512 1996 1578 2044 non

450 2088 633 2177 expellunt,
658 2089 822 2177 lampades
845 2103 968 2177 autem,
992 2092 1070 2181 quia
1092 2112 1210 2181 magno
1232 2093 1435 2161 llammamm
1458 2090 1580 2159 lumine

451 2201 670 2289 resplendent,
690 2202 825 2271 diffusas
843 2204 1094 2294 circumquaque
1114 2206 1262 2274 tenebras
1279 2206 1435 2295 effugant.
1452 2205 1578 2288 Quaen

381 2320 425 2389 lli
451 2335 487 2384 re
505 2315 684 2383 notandum
703 2326 765 2404 est,
781 2318 857 2405 quia
874 2328 952 2386 sunt
969 2318 1115 2408 plerique
1132 2330 1317 2388 sanctorum
1330 2339 1371 2387 ex
1383 2318 1517 2388 occultis
1530 2336 1579 2385 sc-

453 2448 552 2516 seque
571 2429 605 2497 iu
623 2429 704 2498 locis
723 2428 904 2498 minoribus
928 2430 989 2498 sub
1011 2450 1129 2519 magno
1153 2431 1284 2501 silentio
1305 2439 1526 2520 contegentes,
1545 2436 1580 2496 ut

452 2542 505 2611 rix
525 2542 628 2629 [not.
649 2549 716 2625 ac]
735 2564 848 2612 corum
866 2544 933 2626 rita
951 2545 991 2612 ab
1009 2544 1082 2613 aliis
1100 2544 1202 2634 possit
1215 2546 1359 2636 agnosci.
1374 2544 1460 2628 Quid
1473 2544 1580 2632 itaque

452 2656 506 2727 isti
522 2657 584 2726 nisi
600 2658 756 2727 carbones
772 2670 863 2743 sunt,
880 2658 949 2748 qui,
966 2659 1027 2728 etsi
1041 2679 1098 2747 ρει
1110 2660 1267 2729 fervorem
1283 2660 1417 2748 spiritus
1434 2658 1579 2727 ardorem

452 2770 584 2865 babent,
596 2781 704 2841 tamen
717 2772 855 2861 exempli
870 2772 1032 2840 flammam
1047 2793 1113 2841 non
1128 2774 1248 2841 habent
1261 2793 1321 2842 uec
1335 2773 1369 2841 in
1383 2772 1499 2841 alienis
1511 2792 1580 2842 cor-

381 2888 426 2957 20
453 2884 549 2954 dibus
567 2887 715 2956 tenebras
733 2897 939 2976 peccatorum
958 2887 1105 2975 vincunt,
1126 2888 1201 2976 quia
1219 2887 1316 2956 vitam
1337 2905 1429 2956 suam
1448 2886 1580 2955 omnino

452 3000 535 3069 sciro
555 3001 739 3090 refugiunt?
758 3001 975 3091 sibimetipsis
991 3001 1122 3089 quidem
1136 3001 1262 3070 accensi
1277 3009 1367 3085 suut,
1381 3000 1439 3069 sed
1457 3000 1530 3069 aliis
1546 2999 1580 3067 in

452 3116 600 3205 exemplo
620 3116 754 3185 luminis
778 3138 844 3186 uon
868 3127 957 3185 sunt.
981 3117 1023 3183 lli
1050 3127 1158 3186 autem
1183 3117 1239 3205 qui
1258 3116 1404 3204 exempla
1427 3116 1581 3183 virtutum

453 3242 638 3321 prorogant,
655 3243 686 3301 et
701 3233 811 3301 lumen
826 3232 903 3301 boni
920 3232 1027 3320 operis
1040 3253 1098 3321 per
1111 3233 1208 3301 vitam
1224 3241 1256 3301 et
1274 3232 1407 3301 verbum
1426 3230 1580 3298 itineran-

453 3347 540 3416 tibus
559 3346 795 3435 demonstrant,
812 3347 887 3436 jure
905 3347 1069 3435 lampades
1087 3348 1300 3436 appellantur,
1315 3346 1392 3435 quia
1408 3356 1442 3414 ει
1459 3364 1517 3433 ρει
1529 3360 1580 3411 ιι·

381 3464 427 3532 25
453 3459 565 3529 dorem
596 3459 744 3529 desiderii
778 3471 812 3530 ει
841 3461 1004 3529 ilammam
1036 3460 1124 3529 verbi
1152 3478 1172 3528 a
1201 3470 1405 3548 peccatorum
1432 3456 1582 3526 cordibus

453 3574 572 3643 erroris
594 3574 743 3644 tenebras
763 3575 937 3664 repellunt.
965 3575 1027 3657 Qui
1050 3574 1149 3664 igitur
1175 3575 1210 3642 in
1234 3573 1361 3644 occulto
1383 3572 1467 3640 bene
1490 3570 1580 3656 rivit,

453 3688 510 3757 sed
533 3689 639 3758 alieno
663 3690 819 3778 profectui
842 3690 978 3757 minime
1001 3690 1139 3782 prolicit,
1159 3689 1255 3758 carbo
1274 3699 1335 3757 est.
1356 3686 1418 3769 Qui
1439 3706 1529 3768 uero,
1548 3684 1582 3751 iu

453 3801 633 3871 imitatione
651 3802 831 3871 sanctitatis
849 3802 989 3890 positus,
1010 3802 1119 3871 lumen
1139 3822 1178 3870 er
1196 3822 1232 3870 se
1250 3798 1454 3870 rectitudinis
1472 3798 1584 3866 multis

454 3913 667 3999 demonstrat,
687 3916 811 4004 lampas
834 3914 936 4006 [ιιοι.
958 3932 1013 3986 ⁸⁰
1034 3912 1087 4005 nt]
1111 3923 1175 4001 cst,
1195 3913 1270 4003 quia
1295 3924 1329 3982 et
1355 3911 1417 3980 sibi
1439 3910 1584 3980 arderet

384 4030 429 4101 30
453 4026 527 4095 aliis
545 4027 642 4096 lucet.

497 4141 670 4231 Propterea
688 4140 824 4211 virtutes
847 4152 1034 4212 sanctorum
1056 4141 1097 4210 ad
1120 4140 1300 4229 exemplum
1325 4150 1473 4209 nostrum
1499 4137 1585 4205 Deus

453 4254 635 4343 proposuit,
655 4262 704 4339 ut,
724 4265 846 4344 quanto
870 4255 910 4324 de
935 4255 1116 4324 imitatione
1141 4273 1255 4323 eorum
1283 4252 1421 4322 conferri
1449 4257 1586 4340 possunt

453 4367 549 4439 uobis
573 4367 709 4457 iustitiae
737 4368 872 4458 premia,
896 4378 986 4439 tauto
1010 4368 1051 4439 de
1075 4366 1314 4457 perseverantia
1331 4365 1408 4436 mali
1426 4364 1492 4435 sint
1510 4381 1586 4453 gra-
