3459 5667
608 637 788 704 ..99...

128 768 311 846 suntoculi
331 769 415 866 ejus,
437 776 617 846 clarissimo
636 776 759 845 lumine
776 775 914 864 desuper
931 773 1020 860 dato,
1040 782 1072 841 et
1094 771 1161 841 ibat
1178 781 1258 861 gani

128 892 261 960 denset
284 891 495 979 magnilicans
519 892 636 975 Deum,
656 909 828 979 perquem
851 890 949 956 borno
969 889 1002 955 in
1026 897 1112 955 terra
1135 887 1259 974 positus

128 1008 235 1076 adbuc
255 1007 464 1095 corporaliter
488 1007 613 1092 virens,
638 1005 872 1095 quamvisjam
904 1010 1002 1087 [nol.
1025 1007 1123 1084 1¹⁰]
1150 1011 1259 1070 mente

129 1141 205 1189 cum
224 1123 291 1189 lleo
310 1121 468 1188 habitaret
486 1121 519 1188 iu
539 1121 630 1208 caelo,
651 1121 720 1188 baes
743 1130 833 1188 tanta
850 1119 944 1206 signa
962 1126 1086 1206 poterat
1106 1117 1209 1183 lacere
1228 1124 1260 1183 et

129 1234 304 1320 mirabilia,
325 1235 408 1302 sicut
432 1233 620 1322 priusquam
638 1233 762 1302 veniret
785 1232 827 1300 ad
845 1232 937 1299 illum
962 1231 1028 1320 jam
1052 1229 1208 1315 audierat,
1228 1237 1261 1296 et
1299 1219 1333 1290 ’.5

129 1348 200 1437 ipsa
231 1369 287 1436 per
317 1347 523 1444 semetipsam
551 1366 626 1414 rera
654 1366 727 1416 esse
753 1347 941 1437 probaverat
965 1365 1039 1435 quae
1064 1342 1120 1413 diu
1147 1343 1261 1432 procul

128 1475 255 1534 semota
274 1483 293 1532 a
312 1463 526 1534 referentibus
544 1463 729 1533 didiscerat.

503 1793 679 1870 CAPUT
710 1791 894 1866 XXVIII

178 2035 226 2101 De
244 2033 312 2118 ejus
331 2033 416 2100 cotto
434 2032 474 2100 cb
491 2035 604 2116 ungulo
621 2035 825 2116 pronuntiato
842 2038 872 2097 et
891 2031 1017 2098 amiculi
1035 2030 1209 2098 collatione.

175 2271 324 2359 Cumque
349 2279 457 2339 tamen
481 2279 611 2358 tempus
633 2266 829 2358 egressionis
855 2267 926 2358 ejus
949 2288 967 2337 e
993 2287 1125 2357 corpore
1149 2277 1261 2338 sancto

127 2384 314 2472 proximum
343 2383 541 2467 immineret,
565 2403 620 2471 per
637 2403 789 2452 somnum
809 2383 957 2472 apparuit
975 2383 1003 2452 ei
1029 2382 1165 2472 angelus
1188 2381 1259 2468 Ilei,
1321 2371 1324 2376 ’

127 2496 411 2566 laetissimo‘rultu
430 2517 523 2567 roseo
542 2506 575 2566 et
593 2498 736 2586 preclara
755 2507 844 2567 reste
868 2497 959 2586 quasi
979 2498 1034 2566 nix
1052 2497 1208 2585 fulgidus,
1229 2507 1262 2566 et

127 2611 211 2679 dixit
229 2612 258 2680 ei
280 2641 289 2680 z
309 2639 324 2672 c
341 2613 552 2681 Uuinualoee.
573 2614 649 2681 »At
667 2612 746 2681 ille:
769 2612 938 2682 «Adsum.
959 2614 1136 2702 »Angelus
1153 2634 1227 2683 vero
1249 2639 1258 2682 z
1290 2616 1334 2712 10

131 2753 147 2787 c
169 2725 294 2811 Frater,
314 2725 433 2814 inquit,
453 2725 648 2812 uenerande,
663 2725 827 2794 concivem
847 2727 908 2794 sibi
930 2738 1107 2814 exposcunt
1125 2738 1157 2795 te
1174 2727 1261 2796 caell-

128 2838 228 2924 colar,
245 2838 314 2926 jam
332 2838 418 2906 enirn
434 2837 531 2926 digna
549 2839 695 2927 agricolae
709 2839 765 2927 qni
784 2839 866 2906 bene
885 2839 1052 2906 seminarit
1071 2859 1261 2928 recompen-

128 2949 231 3018 sanda
252 2957 349 3032 [nol.
372 2968 456 3022 m
475 2959 527 3034 ve]
549 2972 672 3020 merces
695 2962 756 3020 est.
777 2951 933 3019 Primitiae
956 2952 1097 3041 frugum,
1124 2963 1159 3020 ut
1181 2954 1260 3022 satis
1328 2970 1334 3027 ζ

128 3068 192 3150 e‘st,
213 3073 467 3133 antecesserunt.
489 3093 503 3125 »
522 3064 634 3150 (Senes
654 3065 772 3133 etenim
793 3064 923 3132 maximi
939 3075 971 3132 et
986 3064 1156 3153 justissimi
1176 3067 1261 3135 lere-

127 3175 209 3243 bant
226 3175 312 3264 quod
331 3177 427 3244 multi
451 3177 491 3244 de
511 3177 566 3245 illa
589 3176 837 3266 congregatione
861 3177 1092 3265 precessissent
1111 3178 1201 3246 illum
1220 3178 1260 3246 ad
1290 3173 1332 3243 15

127 3309 229 3378 regna
247 3291 400 3378 caelestia,
420 3291 461 3360 de
480 3310 578 3360 mann
602 3293 672 3380 ejus
696 3292 823 3380 propria
842 3291 876 3360 in
902 3313 967 3360 uno
990 3292 1154 3381 cymiterio
1174 3293 1261 3382 quod

127 3403 244 3471 dicunt
271 3405 437 3493 Reliquias
464 3405 656 3475 Sanctorum
684 3407 877 3493 consepulti,
903 3425 1041 3495 quorum
1069 3405 1109 3475 de
1137 3407 1200 3476 rita
1228 3416 1261 3476 et

128 3517 250 3585 virtute
268 3519 360 3586 nulla
377 3530 424 3587 est
445 3519 604 3588 dubitatio
623 3520 710 3608 quod
728 3520 831 3588 sancti
850 3530 947 3608 atque
966 3521 1057 3589 electi
1073 3523 1139 3591 Deo
1158 3521 1259 3609 suut.)
1335 3599 1338 3608 ¹

132 3657 148 3690 α
171 3631 277 3699 Vitem
306 3643 547 3702 antecesserunt
579 3634 728 3723 palmites
754 3643 786 3702 et
814 3634 931 3701 maturi
964 3634 1096 3723 quidam
1127 3636 1257 3704 racemi.

128 3742 266 3812 Vineam
285 3765 375 3836 ergo,
390 3767 487 3834 quarn
507 3747 658 3834 plantasti
677 3758 710 3815 et
727 3747 912 3837 propagasti
932 3759 963 3818 et
981 3748 1105 3834 fodisti,
1125 3748 1260 3837 dispone
1286 3743 1332 3812 20

121 3855 187 3948 ,alii
214 3859 339 3926 custodi
361 3888 369 3926 ι
390 3860 531 3928 fructum
560 3880 655 3950 quem
684 3860 853 3949 adquisisti
878 3862 946 3950 jam
970 3871 1100 3950 tempus
1128 3872 1177 3930 est
1203 3883 1260 3944 su·¹

129 3969 253 4038 mendi.
275 3972 302 4040 0
322 3973 398 4041 lelix
417 3995 529 4062 senen,
549 3974 652 4042 vineae
670 3985 782 4043 custos
800 3983 832 4042 et
856 3985 977 4062 septor,
997 3994 1076 4044 uvas
1096 3984 1167 4044 tuas
1185 3996 1260 4044 cum

128 4084 252 4154 videris
270 4087 434 4175 quomodo
453 4098 518 4156 tarn
538 4099 611 4176 apte
629 4089 695 4156 sint
718 4087 893 4172 collocatae,
914 4086 1115 4154 abundanter
1133 4087 1262 4155 laetabe-
1338 4161 1342 4172 ,

128 4196 189 4283 ris,
219 4197 294 4286 quia
320 4200 410 4268 omni
441 4211 584 4289 tempore
612 4201 766 4269 lateribus
792 4199 995 4269 adherebunt
1019 4200 1094 4269 tuis.
1120 4201 1262 4289 Dispone

131 4325 231 4401 [not.
254 4323 348 4398 ιιι]
367 4315 465 4405 igitur
492 4314 603 4384 domui
631 4324 707 4402 tuae,
730 4325 765 4383 ut
779 4334 826 4384 se
849 4334 976 4403 semper
1000 4313 1033 4382 in
1057 4314 1145 4382 omni
1166 4334 1262 4404 opere
1288 4301 1334 4372 25

130 4435 219 4504 bono
241 4432 476 4504 ferventissime
494 4442 675 4521 exerceant,
700 4430 776 4521 quia
804 4431 873 4500 cito·
892 4451 931 4501 cn
953 4431 1015 4502 boc
1033 4430 1146 4520 agonis
1164 4431 1262 4522 hujus

890 4848 1265 5026 ‚ceantur
