3459 5667
175 732 335 823 plerique,
362 732 530 801 scientiam
553 744 715 823 acceptam
736 736 976 825 scripturarum
1001 712 1068 804 non
1092 737 1132 806 ad
1158 740 1216 808 Dei
1239 742 1311 829 glo-

175 849 256 917 riam
287 858 415 916 utentes
442 853 539 929 [not.
566 854 629 929 aa]
663 848 863 937 neglegendo
894 858 1140 935 contempnunt.
1171 850 1310 933 Quidam

174 982 252 1032 vero
278 982 420 1032 amorem
449 960 572 1031 sciendi
596 961 728 1048 habent,
754 961 811 1031 sed
837 961 879 1029 ad
903 980 996 1031 suam
1020 961 1147 1031 tandem
1174 976 1311 1034 utuntur

175 1078 253 1147 dum
273 1098 311 1147 ex
331 1078 400 1165 ipsa
419 1077 553 1146 scientia
569 1097 604 1146 se
622 1078 795 1159 extollunt,
811 1087 842 1145 et
862 1076 907 1144 ibi
926 1088 1060 1165 peccant
1079 1076 1133 1144 obi
1154 1076 1311 1144 mundare

175 1202 307 1279 peccata
325 1189 514 1257 debuerant.
532 1190 572 1257 Et
591 1189 668 1258 dum
688 1208 795 1259 sermo
810 1189 868 1257 Dei
888 1188 1038 1257 fidelibus
1054 1185 1151 1272 locet,
1166 1189 1311 1276 reprobis
1358 1189 1381 1257 ὅ

175 1321 213 1371 ac
231 1302 379 1392 superbis
397 1302 636 1391 quodammodo
657 1302 862 1389 tenebrescit,
887 1312 920 1371 et
944 1302 1029 1370 nnde
1050 1302 1096 1369 itti
1120 1302 1309 1371 illuminan-

174 1424 229 1483 tur
247 1412 302 1483 isti
321 1424 496 1483 coecantnr.

219 1530 285 1599 iste
311 1541 432 1616 antem,
467 1529 507 1598 de
535 1549 600 1618 qno
625 1530 721 1599 nobis
750 1548 857 1600 sermo
885 1539 947 1616 est,
977 1550 1042 1599 non
1071 1530 1199 1599 auditor
1226 1530 1311 1599 obli·

174 1642 285 1711 vtosns
311 1642 368 1711 sed
396 1643 497 1710 iactor
529 1643 636 1730 operis
663 1644 780 1729 factus,
815 1653 873 1711 aut
899 1642 933 1710 in
967 1643 1104 1712 tectione
1137 1643 1246 1712 divina
1277 1652 1310 1711 et

174 1756 383 1824 meditatione
411 1766 469 1824 aut
495 1756 528 1823 in
557 1757 702 1824 oratione
731 1767 763 1824 et
790 1776 888 1845 opere
918 1768 1124 1825 conversatus
1154 1759 1203 1845 (en
1234 1757 1309 1846 quis
1337 1758 1381 1827 to

174 1870 291 1953 tribus,
312 1870 424 1958 juncta
447 1869 591 1956 caritate,
613 1872 721 1939 omnis
744 1872 839 1959 piane
864 1884 974 1939 sancta
995 1872 1156 1960 peragitur
1174 1870 1308 1958 regnis),

174 1982 251 2051 dnm
277 1982 382 2051 adbuc
410 1982 541 2051 aduitus
570 1992 650 2070 erat,
677 1983 817 2051 biduano
841 2002 879 2051 ac
904 2004 990 2072 saepe
1014 1984 1164 2051 triduano
1191 2002 1310 2071 corpus

173 2117 270 2165 snum
291 2096 472 2166 macerabat
491 2097 614 2185 jejunio
638 2108 682 2183 ct,
710 2097 890 2166 secundnm
916 2097 1007 2164 Panti
1031 2117 1157 2175 vocem,
1183 2098 1215 2165 in
1240 2116 1310 2165 ser·

172 2210 310 2278 vitutem
342 2209 508 2299 redigens,
541 2231 624 2299 opus
663 2212 749 2299 qnod
787 2211 841 2280 aiii
880 2212 971 2279 tratri
1007 2212 1089 2279 sorte
1124 2211 1158 2278 in
1196 2209 1308 2278 eodem

173 2328 270 2407 [not.
289 2341 342 2393 ts
364 2331 412 2407 νο]
433 2324 541 2393 iabore
559 2345 669 2393 secum
690 2324 803 2413 juncto
827 2324 1010 2408 adderetur,
1038 2324 1107 2412 ipse
1129 2324 1219 2392 solus
1246 2324 1310 2390 im·
1336 2330 1380 2398 15
1426 2347 1436 2371 r

172 2435 262 2524 piger
280 2436 484 2525 operabatur.
510 2436 666 2519 Quamvis
690 2438 776 2506 enim
801 2455 866 2505 non
892 2438 953 2505 boc
977 2437 1063 2506 istud
1088 2436 1308 2525 probabilissi-

172 2569 262 2617 mum
287 2550 370 2637 apnd
394 2560 519 2619 veteres
540 2548 704 2637 judicatur
727 2570 798 2617 esse
823 2549 998 2637 jejunium,
1025 2562 1132 2618 tamen
1152 2588 1195 2601 -
1217 2550 1305 2639 qnia,

172 2663 258 2731 sicut
276 2675 359 2731 terra
377 2664 541 2732 continuis
561 2663 662 2752 rigata
682 2662 839 2730 imbribus
859 2664 973 2731 nociva
994 2684 1080 2751 saepe
1099 2664 1218 2731 evomit
1233 2682 1306 2749 ger-

171 2775 274 2861 mina,
285 2775 330 2843 ita
342 2794 415 2845 caro
428 2776 533 2865 epuiis
550 2777 620 2843 taeta
634 2775 807 2843 cotidianis
822 2776 1027 2864 turpissimos
1039 2776 1150 2844 auimo
1162 2777 1307 2864 suggerit

171 2900 293 2975 motus,
313 2925 355 2940 --
375 2888 591 2957 necessarium
612 2908 684 2957 reor
706 2888 794 2957 omni
812 2888 923 2977 juveni
947 2888 1101 2971 assiduis,
1122 2909 1195 2957 cum
1216 2888 1303 2977 gravi
1332 2895 1378 2964 20

171 3004 293 3085 labore,
308 3021 424 3090 corpus
442 3022 537 3070 snum
552 3003 692 3091 affligere
707 3002 851 3091 jejuniis.
870 3002 1022 3092 Legimus
1041 3022 1180 3092 namque
1198 3023 1304 3091 quen-

170 3115 245 3184 dam
259 3117 404 3198 Patrnm,
419 3114 460 3183 de
474 3115 598 3204 jejunio
617 3116 742 3205 agendo
757 3116 1005 3205 interrogatum,
1023 3116 1071 3184 sic
1085 3114 1303 3204 respondisse,

169 3230 288 3299 cotidie
320 3230 404 3299 vette
433 3250 468 3299 se
500 3230 711 3317 manducare,
746 3230 949 3320 subindeque
981 3230 1145 3319 pautninm
1176 3229 1307 3297 sibimet

169 3344 358 3412 subtrahere
385 3364 427 3412 ne
451 3344 582 3433 penitus
607 3343 791 3413 satiaretur.
818 3346 860 3413 Et
886 3365 959 3413 cum
984 3343 1024 3412 de
1050 3346 1111 3413 bac
1133 3364 1167 3412 re
1194 3362 1306 3411 rursus

169 3456 390 3547 requireretur
409 3475 531 3543 nonne,
552 3477 625 3525 curn
646 3456 776 3545 juvenis
795 3457 828 3524 in
848 3458 979 3526 heremo
998 3457 1126 3539 inisset,
1147 3455 1305 3524 biduanas
1331 3462 1377 3531 25

167 3570 305 3639 levando
323 3571 503 3660 jejunabat,
527 3570 646 3638 dixisse
672 3571 811 3638 retertur
836 3600 843 3637 :
875 3598 889 3631 α
918 3569 1021 3639 Crede
1050 3569 1148 3638 michi
1171 3570 1247 3658 quia
1272 3578 1305 3638 et

166 3684 335 3753 triduanas
362 3693 506 3772 et‘saepe
531 3690 628 3765 [not.
645 3689 712 3766 ao]
739 3682 947 3751 ebdomadas.
973 3711 988 3743 a
1011 3682 1074 3751 Sed
1100 3682 1170 3749 baec
1195 3681 1304 3750 omnia

90 3824 94 3831 ·
166 3798 384 3886 probaverunt
406 3817 501 3866 senes
524 3797 647 3885 magni,
672 3806 705 3866 et
728 3796 922 3866 invenerunt
944 3798 1065 3866 bonnm
1085 3817 1160 3865 esse
1184 3796 1304 3864 cotidie

167 3910 363 3979 manducare
381 3921 414 3979 et
428 3930 484 3999 per
502 3910 647 3998 singulos
666 3909 750 3997 dies,
766 3931 808 3979 ne
823 3910 959 3979 sacietas
978 3910 1148 3998 subripiat,
1167 3928 1302 3999 parvum

167 4025 290 4115 aliquid
309 4026 465 4095 minuero.
486 4026 528 4093 Et
545 4025 757 4094 ostenderunt
783 4025 878 4093 nobis
903 4025 987 4094 banc
1010 4024 1095 4093 riam
1118 4044 1190 4094 esse
1206 4042 1302 4115 rega·
1329 4028 1374 4098 30

168 4144 244 4232 lem,
266 4144 343 4235 qnia
362 4144 463 4213 levior
483 4155 515 4213 et
534 4144 656 4213 facilior
676 4155 725 4213 est
743 4144 879 4214 caeteris.
